2640 4808
130 369 170 449 ⁴6
261 366 395 430 {NDEx
414 363 670 428 ED1T10NUM
689 364 726 426 L.
745 328 889 429 ANN'AEl
908 367 1049 431 ηοω.

287 485 406 548 Exstitit
415 487 448 546 in
458 481 649 544 bibliotheca
657 484 791 545 Ernestii
801 486 976 568 exemplum
987 486 1074 547 Flori
1081 491 1185 550 Frein-

248 584 421 659 shemiani,
435 583 485 643 cui
500 581 653 663 adscripta
668 595 714 642 est
724 582 850 643 collatio
866 583 943 644 Cod.
956 585 1155 666 Neapolitani
1168 608 1185 646 e

246 682 325 743 Bibl.
347 683 396 741 Jo.
417 680 563 756 Valletoe,
583 680 715 740 membr.
737 679 796 740 300
815 701 988 757 annorum,
1008 683 1083 741 item
1104 684 1184 744 cod.

247 780 355 839 Nazar.
368 791 398 837 et
411 777 511 837 Graev.

286 873 414 956 Pighius
426 873 468 933 ad·
477 871 579 934 Valet.
591 873 635 933 Μ.
647 874 702 948 Ν,
714 876 748 948 8,
761 874 866 935 attulit
876 876 1101 956 Fragmentum
1114 899 1185 959 per·

246 973 346 1032 tinens
359 971 398 1032 ad
410 970 464 1031 lib.
476 971 520 1048 ll,
534 992 550 1052 7
563 984 639 1029 extr.
652 971 738 1050 quod
750 971 880 1051 quidam
891 993 949 1054 pro
961 975 1100 1053 genuino
1113 996 1185 1067 pr?-

247 1070 377 1142 bavere,
389 1080 424 1126 ut
437 1068 572 1128 Wassius
584 1068 618 1125 in
632 1068 721 1148 Frag.
734 1069 812 1128 Hist
824 1070 957 1149 Begerus
967 1072 1064 1130 etiam
1074 1072 1109 1130 in
1124 1086 1186 1132 tex-

246 1184 316 1230 tum
334 1168 458 1249 oecepit.
474 1167 533 1226 Sed
550 1166 584 1225 id
602 1166 766 1246 indignum
782 1188 845 1229 esse
859 1168 954 1229 Floro
970 1190 1006 1228 ac
1022 1171 1183 1251 spurium,

247 1269 342 1342 bene,
354 1280 389 1326 ut
400 1265 492 1325 nobis
504 1265 636 1335 videtur,
648 1264 756 1325 docuit
767 1265 911 1326 Dukerus
923 1266 964 1326 ad
974 1267 1034 1327 loc.
1047 1269 1098 1328 cit

132 1426 136 1433 ,
286 1364 371 1424 Flori
381 1363 469 1423 libris
477 1362 571 1422 etiam
580 1361 657 1420 lucis
666 1383 733 1422 non
744 1362 1182 1447 parumattulereChristoph.

247 1461 305 1521 Ad.
315 1463 470 1542 Rupertus
480 1461 515 1518 in
526 1458 616 1518 Obss.
627 1458 666 1518 ab
676 1458 805 1519 Florum
815 1461 923 1520 Norib.
939 1462 1030 1542 1659,
1040 1462 1115 1522 inss.
1125 1466 1184 1523 etsi

247 1557 405 1619 interdum
426 1558 514 1639 plus,
533 1577 629 1636 quam
649 1557 721 1616 satis
741 1570 822 1634 erat,
843 1560 1005 1641 copim:
1026 1560 1183 1621 Boeclerus

246 1656 420 1715 Comment
435 1656 470 1713 in
482 1654 538 1713 lib.
551 1655 605 1728 lv,
617 1674 811 1734 quamquam
821 1654 949 1736 politian
958 1658 1060 1736 mgis
1070 1670 1101 1716 et
1113 1678 1183 1717 mo-

247 1752 323 1813 ralia
337 1766 488 1826 tractans,
503 1752 585 1810 inter
599 1751 738 1811 Dissertt
752 1752 845 1812 Acad.
860 1774 892 1834 p.
907 1751 975 1828 564.
986 1754 1052 1813 Jac.
1063 1754 1184 1814 Tollius

248 1854 283 1912 iu
297 1851 460 1926 Fortuitis,
476 1848 660 1932 prolusurus
674 1869 767 1910 novae
781 1850 930 1910 editioni:
942 1853 994 1910 Jo.
1006 1851 1183 1912 Scheffems
1223 1908 1226 1915 .

247 1950 280 2006 in
304 1938 467 2020 Ᾱνειδόἐυις,
491 1946 565 2006 Obs.
585 1947 671 2006 Misc„
692 1946 824 2007 DorvilL
837 1946 899 2007 vol.
918 1949 976 2022 lx,
993 1970 1026 2029 p.
1043 1949 1113 2031 ³¹7·
1130 1951 1183 2011 Fr.

246 2044 325 2105 Lud.
341 2043 470 2104 Aboesch
480 2045 514 2102 in
526 2042 737 2103 Animadvem.
752 2044 792 2104 ad
802 2043 999 2126 AEschylum:
1016 2045 1068 2104 cui
1081 2064 1186 2127 qum
1207 2108 1211 2115 ,

246 2138 390 2221 quaedam
402 2139 595 2221 opposuisset
603 2139 747 2199 Dukerus
758 2141 792 2199 in
803 2138 891 2221 praef.
904 2140 953 2200 ed.
963 2161 1039 2214 sec„
1051 2160 1186 2224 respon·

247 2237 294 2296 dit
310 2240 343 2295 in
354 2238 433 2296 Nov.
446 2236 520 2295 Obs.
532 2237 620 2295 Misc.
636 2237 711 2296 tvl
719 2283 727 2311 ,
741 2259 772 2320 p.
784 2239 855 2299 621.

162 2426 198 2477 ff.
211 2426 244 2477 B.
255 2424 337 2493 Quod
349 2428 443 2478 minet
455 2423 634 2477 adversiones
645 2427 719 2477 mio
730 2443 854 2477 sermone
865 2427 1047 2494 conscripus,
1058 2425 1121 2477 vide
1133 2428 1185 2479 sub

128 2513 181 2563 fine
193 2511 298 2564 Indicis.
310 2514 356 2563 En.
