2640 4808
346 363 657 429 TESTIMONIA
679 365 742 429 ET
763 365 976 430 JUDICIA.
1145 371 1188 436 25

131 487 315 571 eloquentiae
325 507 454 548 navasse
464 508 607 568 operam,
619 501 654 548 ut
665 488 721 570 qui
731 487 835 548 Porcii
844 489 989 549 Latronis
1000 488 1190 572 discipulus,

74 574 78 581 ’
131 599 236 670 postea
249 587 318 668 ipse
334 583 520 645 declamavit
522 627 1189 653 ..................................

165 685 328 765 Superest,
345 694 381 741 ut
395 680 569 756 nonnulla,
584 702 653 763 quae
669 682 704 740 in
721 682 938 757 Quaestionum
954 682 1043 744 libris
1058 686 1190 766 sparsim

130 783 311 861 tetigeram,
329 776 381 838 hic
399 779 490 858 quasi
506 778 563 837 sub
581 799 681 838 unum
697 777 878 859 adspectum
894 800 913 838 a
929 800 980 840 me
998 781 1189 863 redigantur,

130 901 179 956 ea,
191 879 343 959 inquam,
360 896 397 935 ex
413 876 528 958 quibus
540 875 660 951 redeat,
676 889 782 936 nostra
797 877 835 938 de
845 879 870 938 F
871 877 942 938 loro
955 876 1083 960 ejusque
1095 902 1190 963 opere

129 975 299 1052 sententia,
316 975 351 1035 in
367 994 465 1054 qnam
477 994 544 1034 non
557 974 619 1033 nisi
636 975 827 1056 argumentis
844 976 986 1057 proxime
1002 977 1042 1037 ad
1053 979 1190 1041 veritatis

128 1073 229 1134 lucem
239 1070 460 1133 accedentibus
475 1071 609 1131 convicti
626 1070 857 1147 descendimus,
872 1084 1011 1155 recepta,
1027 1072 1108 1134 nihil
1121 1072 1190 1156 jam

128 1171 193 1232 fore
205 1172 241 1230 in
256 1181 445 1252 perpurgato
460 1167 521 1228 hoc
533 1169 700 1251 scriptore,
716 1170 767 1228 cui
779 1189 845 1231 non
857 1168 911 1229 lux
923 1170 1067 1252 quadam
1083 1170 1189 1234 affun-

129 1270 228 1344 detur,
241 1288 308 1348 quo
320 1268 391 1349 ipso
402 1265 470 1326 haec
480 1265 530 1325 vel
544 1268 678 1326 maxime
690 1266 876 1349 probabitur
888 1270 1008 1350 opinio.
1021 1271 1093 1329 Jam
1104 1272 1189 1335 enim

129 1387 211 1427 nunc
228 1376 318 1448 patet
332 1364 429 1425 totius
447 1364 551 1445 operis
570 1362 793 1446 chronologica
811 1365 909 1441 ratio,
925 1378 956 1426 et
968 1365 1118 1427 liberatur
1134 1390 1189 1430 au·

129 1478 192 1524 ctor
201 1485 220 1523 a
229 1461 381 1524 conviciis
393 1461 582 1536 innumeris,
595 1461 709 1543 quibus
720 1482 776 1544 per
787 1473 836 1523 tot
847 1461 958 1524 saecula
972 1485 992 1523 a
1002 1463 1191 1527 doctissimis

130 1561 239 1621 criticis
252 1558 494 1640 discerpebatur.
506 1560 634 1641 Liquet,
649 1558 733 1619 unde
744 1557 841 1642 stylus
852 1557 928 1622 hinc
939 1560 1040 1638 illinc,
1053 1575 1089 1623 ut
1100 1584 1189 1647 poene

130 1679 234 1719 omnes
254 1669 433 1730 senserunt,
453 1667 610 1716 oratorem
627 1667 658 1716 et
674 1669 799 1738 poetam
819 1656 934 1738 magis,
949 1680 1046 1741 quam
1063 1658 1189 1719 histori-

130 1776 197 1816 cum
211 1755 332 1836 sapiat;
344 1775 402 1814 nec
418 1765 540 1828 tamen,
557 1752 667 1828 credo,
682 1752 747 1835 jam
759 1755 898 1814 Graevius
915 1754 954 1814 de
966 1755 1107 1837 pauculis
1118 1779 1187 1818 sen·

130 1853 229 1914 tentiis
250 1851 339 1912 litem
357 1850 439 1911 ultra
459 1863 616 1925 moveret,
638 1851 856 1927 considerans,
875 1852 952 1934 quid
974 1853 1044 1912 talis
1065 1855 1188 1916 tabellae

130 1949 282 2012 historicae
305 1961 419 2010 natura
439 1962 562 2031 poseat,
584 1949 609 2008 si
630 1948 780 2031 plurimas
800 1950 878 2010 boni
898 1949 1038 2011 historici
1060 1954 1187 2015 virtutes

130 2050 263 2132 assequi,
274 2045 473 2130 jejunitatem
486 2068 613 2108 omnem
628 2062 721 2131 atque
735 2049 913 2110 ariditatem
929 2072 1015 2133 aeque
1028 2072 1063 2111 ac
1076 2052 1187 2113 obscu-

130 2149 249 2208 ritatem
265 2148 299 2206 in
311 2159 400 2208 tanta
412 2147 562 2206 brevitate
574 2144 712 2227 effugere
724 2147 807 2207 velis.
821 2149 858 2207 ln
873 2170 960 2209 suam
977 2148 1115 2210 formam
1127 2172 1188 2210 res·

130 2245 234 2305 titutus
250 2244 379 2319 Florus,
394 2264 459 2303 non
478 2244 536 2303 erit
552 2242 686 2326 amplius
704 2245 861 2326 magistris
877 2245 1116 2324 formidolosus,
1134 2248 1186 2308 sed

130 2344 261 2403 securius
272 2340 442 2425 juvenibus
454 2343 488 2401 in
500 2362 613 2401 manus
625 2341 774 2418 tradetur,
791 2364 858 2404 non
873 2345 988 2420 modo,
1004 2357 1039 2405 ut
1054 2367 1091 2405 ex
1108 2348 1187 2407 anti-

130 2442 194 2521 quis
205 2441 346 2523 optimns
354 2437 491 2500 historiae
501 2442 651 2501 Romanae
660 2450 690 2500 et
701 2441 968 2521 ingeniosissimus
978 2443 1185 2520 abbreviator,

130 2557 232 2597 verum
244 2538 358 2613 etiam,
370 2549 405 2597 ut
417 2558 517 2597 aureae
528 2536 690 2597 latinitatis
707 2537 817 2598 artifex
835 2549 865 2599 et
881 2539 1083 2621 ingeniorum
1095 2537 1186 2622 juve·

131 2634 239 2694 nilium
252 2634 430 2718 praecipnus
449 2633 670 2696 exstimulator.
690 2637 891 2720 Quamquam
907 2659 983 2718 ego,
996 2636 1081 2721 quod
1098 2637 1184 2699 salvo

132 2731 262 2792 aliorum
277 2730 397 2814 judicio
415 2731 564 2808 dixerim,
585 2733 627 2792 sic
643 2733 802 2794 existimo:
819 2734 964 2811 Florum,
978 2757 1078 2818 quum
1093 2735 1185 2796 istam

131 2850 214 2889 snam
226 2830 352 2911 imperii
363 2831 498 2890 Romani
511 2830 679 2911 imaginem
692 2833 910 2908 concinnaret,
924 2855 990 2893 non
1002 2855 1115 2915 pueros
1126 2833 1184 2893 sibi

130 2940 248 2988 tantum
270 2925 486 3002 scholasticos,
508 2928 624 2989 discere
645 2931 821 2990 Romanam
840 2930 1005 2993 historiam
1026 2931 1183 3006 volentes,

131 3025 176 3084 sed
189 3014 273 3085 viros
284 3045 412 3107 quoque
424 3029 459 3085 in
473 3019 601 3085 historia
612 3027 763 3109 principis
776 3027 887 3111 populi
903 3028 1072 3088 diutissime
1084 3049 1183 3089 versa·

130 3134 188 3198 tos,
199 3122 330 3182 lectores
341 3134 413 3182 ante
428 3121 535 3183 oculos
545 3125 697 3204 posuisse.
712 3125 774 3183 Nec
787 3126 870 3185 enim
883 3146 1036 3207 umquam
1047 3140 1128 3185 recte
1144 3125 1183 3185 de

130 3215 217 3300 hujus
236 3219 338 3301 operis
357 3218 506 3293 artificio,
524 3220 585 3278 nisi
601 3220 640 3280 ab
657 3218 793 3280 historiae
810 3222 1019 3303 peritissimis,
1030 3218 1184 3302 judicabi-
1278 3287 1282 3292 ,

129 3327 184 3377 tur.
204 3316 354 3376 Invitabit
370 3315 436 3398 jam
455 3315 559 3398 plures
580 3317 620 3376 ad
638 3339 669 3377 se
688 3319 850 3378 convictor
869 3319 1000 3394 Tiberii,
1020 3339 1182 3402 quousque

130 3411 225 3476 bonus
237 3426 319 3489 erat,
329 3426 360 3473 et
373 3413 493 3474 Horatii
505 3411 676 3474 familiaris.
689 3415 791 3474 Rebus
803 3436 876 3475 vero
888 3417 1019 3496 Augusti
1031 3417 1182 3478 aestiman·

130 3510 171 3572 dis
184 3525 259 3573 teste
270 3533 378 3573 cooevo
388 3513 469 3572 aucti
480 3533 600 3589 sumus,
612 3533 726 3594 eoque,
738 3525 892 3596 quantum
907 3513 1051 3596 equidem
1066 3516 1181 3592 sentio,

130 3629 225 3693 neque
239 3612 287 3671 ira
303 3625 472 3692 corrupto,
491 3631 591 3693 neque
607 3612 707 3672 nimio
725 3612 838 3673 studio.
854 3613 1010 3695 Quodque
1026 3614 1117 3677 nobis
1132 3616 1181 3674 in·
1262 3628 1268 3639 '

129 3709 231 3787 primis
247 3722 431 3792 exoptatum
441 3731 504 3770 esse
524 3709 632 3784 debet,
649 3711 859 3792 antiquiorem
878 3732 968 3794 paene
984 3711 1100 3772 caeteris
1119 3714 1181 3773 llo-
1274 3717 1277 3723 '

128 3807 222 3875 manis
234 3807 399 3880 omnibus,
412 3821 537 3889 excepto
550 3808 681 3882 Caesare,
694 3807 835 3869 derebus
848 3809 1039 3869 Germanicis
1049 3812 1179 3892 scripto-

128 3922 188 3963 rem
200 3905 432 3988 acquisivimus.
448 3905 575 3966 Clarum
585 3903 653 3986 jam
664 3927 748 3966 nunc
760 3905 813 3982 fit,
830 3929 885 3969 eur
902 3909 935 3967 in
952 3907 1016 3987 ejus
1034 3929 1126 3991 opere
1141 3908 1179 3967 de

128 4002 271 4066 Senectute
280 4003 395 4087 populi
405 4005 538 4064 Romani
549 4004 635 4065 nulla
648 4006 780 4080 mentio,
794 4029 890 4088 quare
902 4019 1065 4068 nutantem
1078 4007 1179 4067 adhuc
