2640 4808
217 391 257 470 34
344 379 356 414 ··
511 384 663 447 11111111
687 381 976 446 uurnouuu

335 508 507 590 Pompeio,
526 527 597 565 cum
614 503 721 564 multis
740 503 997 564 memorabilibus
1018 503 1052 562 in
1073 506 1215 585 margine
1236 526 1273 565 ex

334 605 455 668 emend.
476 602 559 664 Petri
578 604 656 664 Mar.
676 604 792 680 Rubei,
815 602 896 663 Phil.
918 601 1064 662 Beroaldi
1082 612 1113 662 et
1132 603 1175 663 M.
1201 605 1272 664 Ant.

335 704 488 766 Sabellici.
502 704 653 776 Venetiis,
668 723 724 784 per
738 704 755 762 J
758 722 894 762 oannem
907 701 1082 761 Tacuinum
1096 722 1116 760 a
1128 702 1272 763 Tridino.

336 804 480 876 Veneriis,
495 799 599 860 in-fol.
1242 878 1243 881 Ἴ

220 905 293 962 15111
332 902 508 962 parisiensis
523 901 565 976 ΙΙ,
578 913 683 959 sumtu
694 899 713 957 J
715 896 848 958 ohannis
863 899 972 972 Parvi,
985 895 1060 970 in-lr.
1074 898 1203 976 (ornata
1217 898 1271 958 Sa·

335 997 439 1059 bellici
458 997 606 1080 epistola)
624 996 750 1055 Dukero
768 1009 798 1055 et
812 997 836 1055 F
838 994 977 1071 ischero,
998 1015 1091 1077 quem
1109 994 1180 1054 vide
1202 995 1223 1055 l.
1247 1018 1272 1056 c.
1309 981 1310 984 Ἴ

335 1118 367 1178 p.
387 1097 425 1156 26
442 1107 472 1154 et
486 1115 570 1178 seqq.
586 1095 660 1153 visa.
676 1091 808 1153 Exhibet
821 1113 895 1153 vero
912 1092 1043 1152 Florum
1057 1093 1183 1153 lustino
1202 1093 1273 1171 sub-

333 1193 497 1276 junctum,
515 1206 545 1253 et
559 1193 706 1253 convenit
722 1213 794 1252 cum
807 1189 1036 1251 Mediolanensi
1051 1212 1074 1252 s.
1090 1213 1118 1252 a.

220 1295 253 1353 15
262 1314 295 1352 ιο
337 1293 509 1363 Parisiensis
519 1290 580 1365 Ill,
593 1289 724 1349 inferior
737 1289 836 1371 priori
848 1301 877 1348 et
893 1287 1047 1369 elegantia
1060 1300 1090 1347 et
1102 1308 1186 1348 cura.
1265 1369 1267 1374 Ι

218 1436 327 1451 .......
336 1392 382 1448 Ex
396 1410 509 1449 recens.
527 1386 608 1447 Phil.
622 1387 765 1445 Beroaldi
776 1386 919 1462 Mediol,
937 1384 1041 1447 insol.
1058 1407 1108 1467 ap.
1120 1388 1273 1468 Vegium,

337 1508 409 1546 cum
427 1486 550 1545 Justino
567 1495 598 1542 et
616 1485 704 1543 Sexto
723 1482 825 1564 Rufo:
845 1481 930 1542 haud
949 1483 1051 1562 prima
1069 1497 1114 1542 est
1131 1487 1272 1545 recensio

336 1585 458 1658 critica,
477 1581 529 1641 sed
547 1581 688 1663 repetitio
704 1567 898 1640 Beroaldinae
916 1581 1014 1655 (circa
1035 1584 1140 1659 1490).
1161 1580 1281 1665 Cuspi?

337 1681 449 1740 nianus
464 1677 544 1738 male
559 1678 728 1754 dubitavit,
743 1699 784 1736 an
800 1678 838 1736 sit
853 1698 871 1736 a
884 1676 1046 1737 Beroaldo.
1060 1679 1215 1760 llupertus
1233 1679 1272 1739 ad

337 1779 361 1837 F
362 1778 419 1837 lor.
428 1778 471 1853 ll,
480 1798 515 1856 9,
526 1776 613 1835 illam
622 1776 835 1835 recensionem
842 1776 1029 1850 contemnit,
1040 1774 1271 1836 Freinshemius

337 1888 447 1935 contra
462 1873 644 1955 diligentem
656 1871 794 1954 judicat:
812 1887 841 1933 et
858 1886 926 1932 tum
941 1874 1045 1932 critica
1062 1871 1193 1933 facultas
1208 1890 1275 1934 erat

337 1973 439 2033 adhuc
455 1971 642 2032 adolescens.

337 2072 382 2129 De
400 2071 616 2131 Romanorum
631 2070 722 2149 gestis
738 2068 812 2127 libri
832 2080 979 2150 quatuor,
998 2091 1016 2128 a
1031 2066 1184 2128 Beroaldo
1203 2089 1276 2128 cor-

338 2167 421 2226 recti.
437 2165 601 2226 Florentiae
616 2187 712 2248 opera
728 2178 819 2246 atque
835 2166 976 2248 impensa
989 2164 1099 2247 Filippi
1111 2165 1147 2225 de
1163 2166 1277 2226 Giunta

338 2264 522 2338 Florentini,
531 2265 622 2325 tertio
632 2262 780 2324 kalendas
791 2262 880 2338 febr,
890 2265 968 2338 in·8,
981 2261 1107 2322 Dukero
1119 2262 1275 2324 consulta.

224 2364 293 2422 1511
339 2361 384 2419 Ex
404 2361 583 2421 recensione
603 2363 652 2420 Jo.
672 2360 866 2442 Cuspiniani.
881 2361 1027 2435 Viennae,
1050 2380 1099 2441 ap.
1117 2360 1277 2421 loannem

338 2461 471 2536 Winter,
486 2459 563 2533 in-lp.

224 2561 296 2617 1512
338 2559 372 2614 L.
396 2559 428 2615 A.
449 2556 534 2615 Flori
553 2560 723 2638 epitomata
742 2568 887 2637 quatuor.
909 2557 996 2637 Lipz.
1019 2577 1075 2638 per
1094 2558 1117 2616 1.
1146 2559 1276 2618 Tanner.

342 2650 446 2711 in-fol.
464 2675 486 2712 s.
504 2653 580 2726 in-lp

223 2795 334 2810 .......
342 2749 477 2811 Venetiis
490 2770 544 2830 per
559 2752 576 2808 J
579 2771 607 2809 ο.
618 2751 792 2809 Tacuinum
806 2749 843 2808 de
857 2749 1002 2824 Tridino,
1013 2749 1136 2826 indul,
1149 2752 1276 2812 Justino

341 2847 482 2924 additus,
504 2849 538 2906 in
559 2838 637 2932 Bibl.
660 2849 791 2908 Menars.
812 2870 842 2929 p.
863 2867 910 2927 70.
932 2847 985 2904 Est
1006 2868 1041 2906 ea
1061 2849 1205 2929 repetitio
1227 2851 1276 2909 ed.

342 2949 484 3023 Venetae,
502 2948 585 3030 1507.

226 3049 301 3107 1516
343 3049 497 3129 Lipsiensis
508 3048 560 3121 lV,
575 3058 764 3105 memoratur
774 3044 939 3104 Maettario.

226 3146 300 3205 1518
341 3148 376 3205 L.
398 3144 484 3203 Flori
505 3142 671 3225 Epithome
689 3142 778 3220 (cum
798 3143 869 3201 Tito
890 3142 997 3216 Livio)
1018 3163 1054 3201 ex
1074 3163 1133 3215 rec.
1156 3141 1276 3203 Ulrichi

341 3243 472 3301 Hutteni
492 3242 664 3322 Moguntiae
685 3241 718 3298 in
736 3239 852 3298 aedibus
870 3241 888 3298 J
891 3241 1001 3300 oannis
1022 3239 1153 3325 Schefser
1171 3263 1276 3302 mense

341 3336 506 3398 novembri
516 3339 695 3410 MDXVlll,
713 3336 814 3396 in·fol.
831 3338 912 3397 inter
925 3337 1118 3408 incunabula
1137 3340 1210 3398 artis
1229 3354 1276 3422 ty-

343 3458 432 3517 pogr.
445 3437 479 3495 in
491 3435 570 3496 Bibl.
583 3434 769 3496 Uffenbach.
782 3449 803 3494 t.
816 3436 859 3510 ll,
873 3456 904 3494 n.
918 3437 951 3495 31
962 3457 986 3510 r,
999 3447 1029 3495 et
1044 3436 1077 3494 in
1088 3435 1166 3495 bibl.
1180 3437 1275 3495 Ducis

343 3531 592 3597 mmffifflm-

267 3794 269 3798 ,
390 3729 514 3793 'AETAS
538 3730 569 3792 Il
596 3728 869 3804 CAMERTINA.
899 3728 1098 3809 151821554.

381 3926 405 3982 A
422 3927 470 3984 Jo.
488 3925 610 3983 Ricutio
624 3923 763 4000 Vellino,
782 3926 836 4006 qui
853 3948 870 3985 a
885 3928 985 4008 patria
997 3926 1092 4006 vulgo
1107 3926 1208 3986 dictus
1223 3931 1278 3989 Ca-

343 4043 429 4097 mers,
441 4020 502 4080 hoc
513 4021 642 4080 nomine
651 4024 758 4080 notior
770 4035 828 4096 est,
843 4022 1002 4084 illustrata.
1018 4024 1046 4082 ls
1060 4043 1132 4082 vero
1146 4045 1214 4084 non
1228 4047 1279 4085 so·-
