2640 4808
280 403 590 468 'rusrmoum
613 405 675 467 ur
698 366 906 466 tumori.
1083 406 1120 468 13

61 544 129 591 nrm
142 541 250 588 tamen
262 529 377 589 Nostro
390 528 491 587 visum
505 540 549 586 est
560 526 621 587 hoc
635 519 860 607 μιιρακιώδις,“ιιῑ
870 547 960 609 paene
975 540 1123 610 repeteret

61 627 117 686 lib.
131 625 194 700 ΠΙ,
210 626 264 685 ι8;
286 625 379 705 «Ipse
390 624 493 683 Julius
510 625 612 683 Caesar
627 645 726 705 quum
743 624 777 682 in
794 624 904 682 urbem
917 637 1061 684 cruentus
1078 646 1124 685 re-

64 724 233 798 «ferretur,
249 721 417 783 miserabili
438 721 548 782 funere
568 743 622 802 per
640 722 775 780 mediam
795 724 889 781 etiam
909 723 1019 783 urbem
1040 723 1124 783 viam

65 849 79 878 u
88 823 203 895 fecit3n
220 833 254 880 ut
265 821 309 879 ibi
322 819 489 900 legendum
502 819 705 879 ostendimus.
718 819 776 878 Sed
789 840 858 900 quac
872 820 912 880 ad
925 819 1009 880 hunc
1020 821 1125 882 locum

63 921 258 994 notavimus,
272 920 297 978 si
314 920 392 978 tanti
410 932 499 993 sunt,
515 931 645 1000 possunt
659 916 766 976 videri.
780 920 817 976 At
830 918 922 999 quale
936 918 997 979 hoc
1011 919 1064 979 lib.
1078 922 1124 992 ll,

62 1041 130 1102 cap.
148 1018 184 1093 3,
198 1017 294 1079 Gallis
317 1041 330 1071 ιι
341 1017 429 1097 quasi
448 1030 517 1076 cote
533 1016 670 1097 quadam
685 1015 820 1096 populus
834 1017 995 1076 Romanus
1006 1017 1125 1078 ferrum

67 1137 152 1178 usuae
165 1116 286 1190 virtutis
302 1114 451 1174 acuebat?
460 1139 473 1169 n
492 1115 578 1173 Esset
594 1112 792 1172 tolerandum
805 1114 829 1173 si
841 1114 1006 1196 scripsisset
1018 1115 1125 1176 Gallo·

64 1235 134 1275 rum
153 1211 242 1272 bellis
265 1212 439 1292 perpetuis,
459 1226 621 1289 tamquam
645 1223 713 1268 cote
736 1209 889 1289 quadam,
908 1213 1125 1275 Romanorum

66 1312 210 1370 virtutem
223 1310 303 1368 acui.
320 1309 400 1367 Nam
418 1329 452 1366 cx
470 1308 582 1366 Graccis
597 1305 663 1366 haec
679 1304 797 1379 hausit,
810 1309 841 1364 in
857 1328 995 1388 quorum
1006 1331 1127 1370 memo-

65 1409 116 1467 riis
140 1407 289 1479 traditur,
312 1404 553 1472 Lacedaemonas
577 1402 720 1463 hostilem
742 1403 853 1462 urbem
879 1424 1005 1466 vocasse
1034 1415 1126 1468 cotem

59 1502 227 1586 juventutis.
249 1502 309 1563 Sed
332 1505 443 1562 vinctis
455 1503 574 1585 fimum
593 1522 696 1560 acuere
717 1521 783 1559 non
806 1501 873 1560 sani
899 1521 963 1562 esse
988 1502 1126 1564 hominis

67 1623 130 1662 non
147 1622 241 1661 sanus
258 1598 342 1681 juret
358 1600 487 1659 Orestes.
505 1597 651 1679 Ejusdem
667 1618 773 1657 census
786 1612 829 1657 est
835 1599 948 1681 fretum
963 1600 1127 1662 adolescen-

67 1704 128 1776 τίω,
143 1701 243 1781 capite
258 1698 372 1758 ultimo
385 1695 478 1777 hujus
490 1696 579 1755 libri:
596 1722 609 1751 ιι
618 1688 699 1755 Talis
712 1696 799 1755 domi
814 1717 849 1755 ac
861 1695 954 1773 foris,
968 1698 1037 1758 talis
1050 1721 1127 1780 pace

70 1798 237 1879 “belloque
250 1798 387 1879 populus
397 1799 556 1856 Romanus
566 1795 680 1855 fretum
690 1794 767 1854 illud
782 1793 1009 1871 adolescentiae,
1022 1797 1054 1855 id
1067 1810 1126 1871 est,

70 1897 261 1958 “secundam
273 1896 396 1977 imperii
409 1909 546 1970 aetatem,
560 1893 680 1954 habuit.
692 1919 706 1949 n
720 1894 876 1952 Nimirum
895 1895 967 1974 quia
981 1908 1050 1954 tum
1064 1896 1128 1955 fer·

68 1995 137 2056 vida
152 1999 369 2057 Romanorum
388 1995 485 2053 virtus
506 2007 587 2068 erat,
605 2007 635 2051 et
649 1991 723 2072 quia
741 1991 821 2051 freta
839 1991 979 2067 fervent,
999 1995 1127 2054 credidit

69 2092 123 2152 sibi
143 2092 232 2153 licere
253 2093 342 2151 istam
364 2103 484 2151 aetatem
505 2089 658 2151 fervidam
676 2089 777 2149 dicere
787 2091 899 2172 fletum
919 2088 1126 2152 adolescentia.

69 2191 123 2250 Sed
146 2189 212 2250 haec
233 2189 363 2249 audacia
385 2188 626 2249 translationum
648 2188 682 2245 in
702 2186 864 2246 rhetorum
882 2187 1014 2264 scholis,
1037 2201 1068 2249 et
1087 2189 1126 2249 ab

69 2287 249 2348 hominibus
264 2308 328 2348 non
345 2288 478 2369 putidis,
492 2308 557 2346 non
572 2286 739 2346 damnatur
751 2286 866 2360 modo,
881 2287 932 2346 sed
946 2287 1010 2368 ejus
1025 2300 1129 2348 aucto-

68 2408 114 2448 res
127 2401 290 2468 tamquam
305 2385 385 2446 fatui
398 2399 427 2445 et
441 2384 559 2444 nullius
573 2382 683 2464 judicii
699 2383 844 2444 homines
861 2383 1038 2445 irridentur.
1056 2387 1127 2445 Non

70 2480 195 2566 possum
207 2485 364 2566 praeterire
374 2491 487 2563 γοργεῐον
500 2481 593 2556 illud,
604 2495 634 2541 et
643 2480 713 2563 plus
724 2501 820 2560 qnam
829 2483 1007 2564 παιδαριῶδες,
1018 2483 1071 2542 lib.
1084 2481 1127 2558 ll,

70 2604 133 2665 cap.
147 2583 175 2642 6.
189 2582 336 2642 Dicturus
346 2595 410 2640 erat
421 2583 453 2640 in
465 2581 613 2662 Hispania
623 2600 657 2638 ex
669 2581 798 2658 Sagunti
810 2579 957 2653 incendio
967 2593 997 2639 et
1008 2581 1128 2641 excidio

70 2679 240 2739 secundum
257 2676 377 2737 bellum
395 2678 549 2736 Punicum
565 2689 669 2735 ortum
686 2696 758 2735 esse.
769 2675 847 2734 Vide
863 2697 958 2756 quam
977 2678 1129 2739 absurdus

70 2774 211 2836 fueritin
227 2774 286 2834 hac
300 2774 452 2834 sententia
469 2794 535 2832 non
549 2773 706 2847 ornanda,
725 2772 776 2832 sed
794 2772 1020 2834 deformanda:
1040 2800 1054 2830 ιι
1068 2776 1128 2835 Ubi

74 2870 205 2947 asemel,
220 2872 341 2953 inquit,
361 2892 392 2930 se
410 2872 443 2929 in
462 2871 611 2952 Hispania
630 2871 730 2928 movit
748 2868 802 2928 illa
819 2872 920 2950 gravis
939 2886 968 2930 et
988 2871 1129 2932 luctuosa

73 2996 87 3024 ιι
97 2973 206 3030 Punici
218 2970 294 3030 belli
305 2970 349 3029 vis
360 2982 453 3048 atquc
463 2982 636 3050 tempestas,
648 2968 896 3047 destinatumque
908 2970 1056 3028 Romanis
1064 2969 1129 3051 jam

72 3093 88 3122 u
97 3066 151 3151 diu
164 3066 284 3127 fulmen
297 3066 468 3146 Saguntino
481 3067 552 3147 igne
564 3065 727 3140 conflavit,
741 3066 845 3124 statim
860 3065 998 3145 quodam
1011 3067 1130 3148 impetu

74 3178 201 3248 urapta,
216 3165 334 3226 medias
346 3164 495 3247 perfregit
507 3164 612 3246 Alpes,
628 3177 657 3223 et
670 3167 703 3223 in
718 3163 840 3223 Italiam
855 3165 894 3223 ab
907 3164 965 3224 illis
978 3165 1129 3226 fabulosae

75 3263 269 3324 «altitudinis
300 3263 444 3338 nivibus,
466 3263 551 3322 velut
578 3261 654 3322 caelo
686 3264 797 3338 missa,
826 3263 1017 3324 descendit.»
1045 3264 1130 3324 Proh

72 3377 205 3444 quantus
218 3362 409 3444 ineptiarum
424 3360 582 3420 cumulus!
598 3363 671 3420 Haec
684 3381 811 3422 omnem
822 3360 918 3422 fidem
929 3374 1091 3443 superant:

242 3521 321 3576 “Orat
332 3543 356 3574 rt
367 3520 454 3578 τούτων
465 3520 511 3577 adt
525 3519 671 3588 σοφισμάτων
683 3521 740 3585 lta,
760 3514 767 3522 ’

250 3611 319 3664 meh
332 3608 345 3662 tl
356 3610 450 3679 'rtcvrqi
460 3609 614 3680 ωςισζύτιρος
626 3609 772 3680 ἑπέρχομαι.

72 3759 152 3818 Num
171 3770 354 3840 tempestas,
376 3771 410 3817 ut
431 3758 491 3819 alia
510 3759 761 3840 praetermittam,
786 3758 901 3819 conflat
920 3759 1074 3836 fulmina,
1091 3759 1130 3818 ad
1189 3835 1194 3840 ·

73 3855 166 3916 instar
180 3855 332 3929 Vulcani,
345 3876 438 3935 quem
455 3857 489 3915 in
502 3857 609 3930 AEtna,
624 3867 788 3935 tamquam
803 3855 931 3916 officina
945 3877 1015 3933 sua,
1032 3870 1131 3939 poetar

73 3950 195 4034 fingunt
210 3952 352 4013 fulmina
367 3954 477 4014 cudere
489 3956 507 4012 J
510 3955 571 4014 ovi.
589 3955 716 4031 Quanto
731 3955 902 4015 modestior
913 3969 943 4015 et
957 3956 1133 4037 castigatior

68 4051 228 4127 Justinus,
242 4051 296 4132 qui
317 4062 347 4109 et
364 4051 428 4133 ipse
446 4050 601 4127 debello,
619 4066 781 4134 tamquam
797 4067 994 4138 tempestate,
1010 4053 1132 4135 locutus
