2640 4808
212 408 269 499 viij
549 406 670 472 NOVI
694 407 932 475 EDITORIS

209 552 318 630 rant,
331 551 373 617 et
386 530 520 638 plures
533 535 577 608 in
589 532 753 610 historia
763 536 1083 641 recognoscenda
1094 565 1264 638 errores,

210 686 370 735 necnon
392 652 468 732 alia
487 676 690 763 postremo
708 660 855 736 menda
875 656 1024 766 quibus
1041 682 1180 741 auctor
1198 664 1267 741 hic

209 781 629 860 ioedissimescatebat.
1271 795 1274 800 “

259 907 337 982 Per
348 903 486 1010 longas
497 925 632 983 autem
644 926 872 1014 temporum
880 912 1002 1007 vices,
1016 939 1265 1017 quamquam

210 1028 569 1109 eruditissimorum
582 1035 768 1110 'virorum
789 1035 907 1110 series
922 1036 963 1109 in
983 1035 1177 1134 sanando,
1199 1066 1267 1137 exf

209 1156 437 1260 purgando,
456 1177 496 1233 et
509 1156 747 1237 illustrando
761 1159 838 1237 hoc
853 1163 1044 1266 scriptore
1061 1163 1267 1269 conspira-

208 1283 343 1379 visset,
360 1308 506 1388 nempe
522 1283 711 1378 Vinetus,
731 1283 753 1356 J
756 1301 868 1359 ustus
884 1285 1060 1389 Lipsius,
1078 1287 1137 1363 Jo.
1158 1287 1268 1362 Gru-

209 1423 336 1502 terus,
377 1403 446 1482 (11.Ὶ
476 1404 690 1482 Salmasius
721 1405 793 1512 (1),
830 1406 1146 1507 Freinshemius,
1187 1409 1264 1487 Ad.

208 1529 431 1637 Rupertus,
454 1527 623 1632 aliique,
645 1548 780 1604 tamen
800 1531 945 1608 Nostro
967 1545 1149 1608 nontam
1168 1532 1267 1610 feli-

212 1681 319 1750 cem,
338 1683 460 1758 quam
477 1652 699 1759 spondebat
712 1672 917 1730 tantorum
931 1653 1120 1761 splendor
1136 1661 1267 1735 nomi-

211 1806 332 1877 num,
349 1805 508 1884 operam
522 1775 809 1853 adhibuerunt.
826 1779 990 1886 Quippe
1004 1808 1132 1883 quum
1144 1783 1266 1886 primi
1291 1793 1295 1801 '

210 1904 448 2008 interpretes
465 1898 532 1974 alii
550 1896 721 1975 aliorum
737 1903 901 2005 vestigia
919 1923 1167 2007 premerent,
1192 1932 1266 1982 no-

136 2112 140 2120 ,
210 2055 306 2102 men
330 2028 508 2132 priorum
534 2025 873 2099 etauctoritatem
902 2052 1058 2131 semper
1082 2029 1263 2124 reveriti,

210 2151 351 2228 iisdem
366 2150 451 2224 fere
465 2145 676 2224 sordibus
665 2149 918 2249 1nquinatus,
940 2174 1068 2252 usque
1083 2149 1134 2224 ad
1149 2150 1264 2227 Grae·

211 2279 324 2368 vium
341 2271 481 2349 Florus
498 2273 694 2377 pervenit.
718 2270 772 2344 At
789 2268 876 2363 ille,
899 2288 945 2345 ut
963 2275 1112 2376 optime
1129 2275 1266 2377 inquit

211 2370 418 2502 Titinii,
399 2386 524 2502 opem
524 2409 671 2513 guam
664 2395 775 2506 ferre
790 2394 900 2470 haud
916 2393 1046 2470 dubie
1053 2399 1262 2501 potuisset,
1272 2465 1275 2473 .

211 2554 243 2602 sr
232 2518 474 2622 attendere
487 2497 704 2630 voluisset
694 2523 876 2595 animum
884 2549 967 2627 pr
968 2539 1105 2598 aestale
1128 2552 1265 2630 super·

211 2649 330 2744 sedit,
355 2634 644 2728 subsannando
673 2672 718 2719 ac
746 2643 915 2721 ridendo
942 2644 1185 2752 juvenilem,
1218 2666 1265 2723 ut

211 2770 353 2851 aiebat
350 2776 632 2880 scriptorem
639 2772 786 2874 quiin
805 2798 925 2876 opere
940 2771 1130 2847 historico
1139 2799 1266 2878 ,poe-¹

210 2902 290 2977 tico
320 2916 428 2975 aestu·
448 2890 654 3001 abreptus,
686 2896 829 3000 saepius
858 2891 1107 2970 deliraverat
1150 2896 1263 2995 Quin

211 3027 330 3102 etiam
340 3021 550 3100 fatendum
562 3037 619 3095 est
629 3018 854 3112 Graevium,
870 3008 1023 3094 invidia
1035 3021 1168 3095 nescio
1182 3048 1265 3125 qua

211 3148 441 3254 abreptum,
462 3140 679 3248 aliquando
693 3143 945 3245 iniquissime
960 3143 1003 3217 in
1021 3140 1184 3218 Florum
1201 3145 1265 3220 in-

211 3293 372 3351 vectum
382 3265 646 3372 fuisse3quod
656 3258 844 3372 nosjusta
855 3294 992 3343 rerum
1002 3269 1264 3345 aestimatione

212 3400 308 3475 moti
321 3395 420 3472 adeo
433 3421 516 3470 non
530 3390 893 3497 comprobavimus,
910 3411 975 3487 ut,
994 3394 1266 3496 quotiescum-

211 3550 291 3627 que
310 3549 351 3597 se
366 3517 521 3596 dederit
539 3519 709 3611 occasio,
730 3545 843 3619 suam
863 3519 1045 3623 scriptori
1064 3516 1263 3595 defensio·

211 3639 679 3741 nem,immoetlaudem
691 3667 773 3715 non
784 3639 1265 3725 omiserimusvindicare.

250 3949 292 4028 (1)
309 3947 403 4029 Cujus
421 3968 538 4008 nomen
556 3950 589 4008 in
606 3949 788 4009 testimoniis
806 3964 835 4008 et
852 3948 991 4030 judiciis,
1012 3973 1082 4034 pag.
1100 3973 1132 4030 7,
1151 3948 1207 4011 lin.
1229 3953 1264 4026 8,

211 4067 314 4106 errore
327 4044 552 4128 typographico
564 4047 678 4126 legitur
690 4046 861 4107 Saimsiaus,
