<?xml version="1.0" encoding="UTF-8"?>
<!DOCTYPE html PUBLIC "-//W3C//DTD XHTML 1.0 Transitional//EN"
    "http://www.w3.org/TR/xhtml1/DTD/xhtml1-transitional.dtd">
<html xmlns="http://www.w3.org/1999/xhtml" xml:lang="en" lang="en">
 <head>
  <title>
</title>
<meta http-equiv="Content-Type" content="text/html;charset=utf-8" />
  <meta name='ocr-system' content='tesseract 3.04.00' />
  <meta name='ocr-capabilities' content='ocr_page ocr_carea ocr_par ocr_line ocrx_word'/>
</head>
<body>
  <div class='ocr_page' id='page_1' title='image "bibliothecaclas80lemagoog_0020.png"; bbox 0 0 2640 4808; ppageno 0'>
   <div class='ocr_carea' id='block_1_1' title="bbox 446 382 1113 477">
    <p class='ocr_par' dir='ltr' id='par_1_1' title="bbox 446 382 1113 477">
     <span class='ocr_line' id='line_1_1' title="bbox 446 382 1113 477; baseline 0.006 -33"><span class='ocrx_word' id='word_1_1' title='bbox 446 382 716 448; x_wconf 70' lang='grc'><strong>11311110.</strong></span> <span class='ocrx_word' id='word_1_2' title='bbox 764 419 769 427; x_wconf 87' lang='lat'>-</span> <span class='ocrx_word' id='word_1_3' title='bbox 1082 388 1113 477; x_wconf 67' lang='lat' dir='ltr'><em>xj</em></span> 
     </span>
    </p>
   </div>
   <div class='ocr_carea' id='block_1_2' title="bbox 45 504 1221 4091">
    <p class='ocr_par' dir='ltr' id='par_1_2' title="bbox 45 504 1117 1232">
     <span class='ocr_line' id='line_1_2' title="bbox 56 504 1116 610; baseline 0.004 -28"><span class='ocrx_word' id='word_1_4' title='bbox 56 505 489 610; x_wconf 75' lang='lat' dir='ltr'><em>editioneBipontina,</em></span> <span class='ocrx_word' id='word_1_5' title='bbox 511 504 637 582; x_wconf 79' lang='lat' dir='ltr'><em>ludex</em></span> <span class='ocrx_word' id='word_1_6' title='bbox 656 504 883 582; x_wconf 83' lang='lat' dir='ltr'><em>Editionum</em></span> <span class='ocrx_word' id='word_1_7' title='bbox 905 511 948 584; x_wconf 86' lang='lat' dir='ltr'><em>L.</em></span> <span class='ocrx_word' id='word_1_8' title='bbox 972 508 1116 586; x_wconf 74' lang='lat' dir='ltr'><em>Annaei</em></span> 
     </span>
     <span class='ocr_line' id='line_1_3' title="bbox 56 628 1117 737; baseline 0.002 -29"><span class='ocrx_word' id='word_1_9' title='bbox 56 636 93 708; x_wconf 90' lang='lat' dir='ltr'><em>F</em></span> <span class='ocrx_word' id='word_1_10' title='bbox 91 636 163 708; x_wconf 80' lang='lat' dir='ltr'><em>lori</em></span> <span class='ocrx_word' id='word_1_11' title='bbox 170 691 183 726; x_wconf 93' lang='lat'><em>,</em></span> <span class='ocrx_word' id='word_1_12' title='bbox 203 632 360 707; x_wconf 86' lang='lat' dir='ltr'><em>auctior</em></span> <span class='ocrx_word' id='word_1_13' title='bbox 376 628 630 725; x_wconf 72' lang='lat' dir='ltr'>fabriciano,</span> <span class='ocrx_word' id='word_1_14' title='bbox 646 648 686 706; x_wconf 90' lang='lat' dir='ltr'><em>et</em></span> <span class='ocrx_word' id='word_1_15' title='bbox 702 633 745 706; x_wconf 91' lang='lat' dir='ltr'><em>in</em></span> <span class='ocrx_word' id='word_1_16' title='bbox 761 658 828 706; x_wconf 82' lang='lat' dir='ltr'><em>sex</em></span> <span class='ocrx_word' id='word_1_17' title='bbox 840 649 976 708; x_wconf 86' lang='lat' dir='ltr'><em>aetates</em></span> <span class='ocrx_word' id='word_1_18' title='bbox 990 632 1117 737; x_wconf 77' lang='lat' dir='ltr'><em>diges-</em></span> 
     </span>
     <span class='ocr_line' id='line_1_4' title="bbox 58 750 1116 859; baseline 0.004 -30"><span class='ocrx_word' id='word_1_19' title='bbox 58 775 141 850; x_wconf 88' lang='lat' dir='ltr'><em>tus,</em></span> <span class='ocrx_word' id='word_1_20' title='bbox 157 782 281 859; x_wconf 89' lang='lat' dir='ltr'><em>quem</em></span> <span class='ocrx_word' id='word_1_21' title='bbox 296 750 628 858; x_wconf 81' lang='lat' dir='ltr'><strong>locupletavimus</strong></span> <span class='ocrx_word' id='word_1_22' title='bbox 642 751 720 830; x_wconf 92' lang='lat' dir='ltr'><em>alio</em></span> <span class='ocrx_word' id='word_1_23' title='bbox 734 753 969 832; x_wconf 89' lang='lat' dir='ltr'><em>brevissimo</em></span> <span class='ocrx_word' id='word_1_24' title='bbox 985 756 1116 834; x_wconf 83' lang='lat' dir='ltr'><em>Indice</em></span> 
     </span>
     <span class='ocr_line' id='line_1_5' title="bbox 45 880 1116 987; baseline 0 -31"><span class='ocrx_word' id='word_1_25' title='bbox 45 883 273 956; x_wconf 83' lang='lat' dir='ltr'><strong><em>-versionum</em></strong></span> <span class='ocrx_word' id='word_1_26' title='bbox 288 881 325 953; x_wconf 90' lang='lat' dir='ltr'><em>F</em></span> <span class='ocrx_word' id='word_1_27' title='bbox 323 880 396 955; x_wconf 88' lang='lat' dir='ltr'><em>lori</em></span> <span class='ocrx_word' id='word_1_28' title='bbox 408 882 517 955; x_wconf 84' lang='lat' dir='ltr'><em>vario</em></span> <span class='ocrx_word' id='word_1_29' title='bbox 536 905 707 956; x_wconf 79' lang='lat' dir='ltr'><em>sermone</em></span> <span class='ocrx_word' id='word_1_30' title='bbox 717 884 1047 987; x_wconf 84' lang='lat' dir='ltr'><em>conscriptorum,</em></span> <span class='ocrx_word' id='word_1_31' title='bbox 1071 881 1116 956; x_wconf 92' lang='lat' dir='ltr'><em>in</em></span> 
     </span>
     <span class='ocr_line' id='line_1_6' title="bbox 61 997 1117 1107; baseline 0.004 -32"><span class='ocrx_word' id='word_1_32' title='bbox 61 999 183 1077; x_wconf 90' lang='lat' dir='ltr'><em>finem</em></span> <span class='ocrx_word' id='word_1_33' title='bbox 198 997 417 1078; x_wconf 89' lang='lat' dir='ltr'><em>voluminis</em></span> <span class='ocrx_word' id='word_1_34' title='bbox 431 1019 520 1107; x_wconf 87' lang='lat' dir='ltr'><em>post</em></span> <span class='ocrx_word' id='word_1_35' title='bbox 533 999 704 1078; x_wconf 83' lang='lat' dir='ltr'><em>Iudicem</em></span> <span class='ocrx_word' id='word_1_36' title='bbox 724 1029 852 1079; x_wconf 75' lang='lat' dir='ltr'><em>rerum</em></span> <span class='ocrx_word' id='word_1_37' title='bbox 866 1019 903 1080; x_wconf 89' lang='lat' dir='ltr'><em>et</em></span> <span class='ocrx_word' id='word_1_38' title='bbox 916 1009 1117 1082; x_wconf 83' lang='lat' dir='ltr'><em>verborum</em></span> 
     </span>
     <span class='ocr_line' id='line_1_7' title="bbox 61 1126 316 1232; baseline 0.012 -33"><span class='ocrx_word' id='word_1_39' title='bbox 61 1126 218 1232; x_wconf 88' lang='lat' dir='ltr'><em>rejecto.</em></span> <span class='ocrx_word' id='word_1_40' title='bbox 239 1195 258 1201; x_wconf 40' lang='lat'><em>..</em></span> <span class='ocrx_word' id='word_1_41' title='bbox 302 1209 316 1227; x_wconf 28' lang='grc' dir='ltr'><em>,Ι</em></span> 
     </span>
    </p>

    <p class='ocr_par' dir='ltr' id='par_1_3' title="bbox 65 1249 1221 2348">
     <span class='ocr_line' id='line_1_8' title="bbox 113 1249 1119 1358; baseline 0.005 -34"><span class='ocrx_word' id='word_1_42' title='bbox 113 1250 223 1325; x_wconf 89' lang='lat' dir='ltr'><em>Tum</em></span> <span class='ocrx_word' id='word_1_43' title='bbox 242 1277 264 1325; x_wconf 90' lang='lat' dir='ltr'><em>e</em></span> <span class='ocrx_word' id='word_1_44' title='bbox 280 1249 551 1326; x_wconf 89' lang='lat' dir='ltr'><em>Freinshemio</em></span> <span class='ocrx_word' id='word_1_45' title='bbox 564 1251 833 1358; x_wconf 83' lang='lat' dir='ltr'><em>Excerptiones</em></span> <span class='ocrx_word' id='word_1_46' title='bbox 846 1253 1119 1358; x_wconf 71' lang='lat' dir='ltr'><em>chronoloqicoe</em></span> 
     </span>
     <span class='ocr_line' id='line_1_9' title="bbox 65 1372 1119 1480; baseline 0.001 -29"><span class='ocrx_word' id='word_1_47' title='bbox 65 1374 255 1470; x_wconf 88' lang='lat' dir='ltr'><em>subeunt,</em></span> <span class='ocrx_word' id='word_1_48' title='bbox 273 1402 373 1480; x_wconf 90' lang='lat' dir='ltr'><em>quas</em></span> <span class='ocrx_word' id='word_1_49' title='bbox 384 1375 688 1480; x_wconf 74' lang='lat' dir='ltr'><em>praetermittere</em></span> <span class='ocrx_word' id='word_1_50' title='bbox 699 1373 818 1452; x_wconf 90' lang='lat' dir='ltr'><em>nobis</em></span> <span class='ocrx_word' id='word_1_51' title='bbox 827 1372 1012 1479; x_wconf 78' lang='lat' dir='ltr'><em>religioni</em></span> <span class='ocrx_word' id='word_1_52' title='bbox 1023 1376 1119 1452; x_wconf 83' lang='lat' dir='ltr'><em>fuis·</em></span> 
     </span>
     <span class='ocr_line' id='line_1_10' title="bbox 67 1478 1221 1604; baseline 0.003 -32"><span class='ocrx_word' id='word_1_53' title='bbox 67 1515 138 1594; x_wconf 88' lang='lat' dir='ltr'><em>set,</em></span> <span class='ocrx_word' id='word_1_54' title='bbox 155 1497 347 1575; x_wconf 90' lang='lat' dir='ltr'><em>omnibus</em></span> <span class='ocrx_word' id='word_1_55' title='bbox 362 1499 447 1603; x_wconf 87' lang='lat' dir='ltr'><em>jam</em></span> <span class='ocrx_word' id='word_1_56' title='bbox 468 1495 575 1573; x_wconf 89' lang='lat' dir='ltr'><em>Flori</em></span> <span class='ocrx_word' id='word_1_57' title='bbox 591 1497 812 1575; x_wconf 84' lang='lat' dir='ltr'><em>editoribus</em></span> <span class='ocrx_word' id='word_1_58' title='bbox 828 1518 1058 1604; x_wconf 86' lang='lat' dir='ltr'><em>usurpatas,</em></span> <span class='ocrx_word' id='word_1_59' title='bbox 1079 1518 1120 1576; x_wconf 91' lang='lat' dir='ltr'><em>et</em></span> <span class='ocrx_word' id='word_1_60' title='bbox 1144 1485 1148 1489; x_wconf 45' lang='grc'><strong><em>’</em></strong></span> <span class='ocrx_word' id='word_1_61' title='bbox 1217 1478 1221 1491; x_wconf 45' lang='lat'>¹</span> 
     </span>
     <span class='ocr_line' id='line_1_11' title="bbox 67 1618 1126 1727; baseline 0.003 -32"><span class='ocrx_word' id='word_1_62' title='bbox 67 1618 280 1699; x_wconf 90' lang='lat' dir='ltr'><em>lectoribus</em></span> <span class='ocrx_word' id='word_1_63' title='bbox 293 1620 473 1719; x_wconf 87' lang='lat' dir='ltr'><em>literatis,</em></span> <span class='ocrx_word' id='word_1_64' title='bbox 486 1640 533 1696; x_wconf 89' lang='lat' dir='ltr'><em>ut</em></span> <span class='ocrx_word' id='word_1_65' title='bbox 542 1622 868 1727; x_wconf 89' lang='lat' dir='ltr'><em>opinamur,·non</em></span> <span class='ocrx_word' id='word_1_66' title='bbox 878 1622 1039 1701; x_wconf 88' lang='lat' dir='ltr'><em>fastidio</em></span> <span class='ocrx_word' id='word_1_67' title='bbox 1051 1624 1126 1699; x_wconf 47' lang='lat' dir='ltr'><em>fu-.</em></span> 
     </span>
     <span class='ocr_line' id='line_1_12' title="bbox 68 1730 1162 1853; baseline 0.004 -33"><span class='ocrx_word' id='word_1_68' title='bbox 68 1764 184 1822; x_wconf 89' lang='lat' dir='ltr'><em>turas.</em></span> <span class='ocrx_word' id='word_1_69' title='bbox 203 1745 303 1822; x_wconf 91' lang='lat' dir='ltr'><em>lnde</em></span> <span class='ocrx_word' id='word_1_70' title='bbox 318 1765 448 1822; x_wconf 90' lang='lat' dir='ltr'><em>textus</em></span> <span class='ocrx_word' id='word_1_71' title='bbox 463 1765 503 1821; x_wconf 90' lang='lat' dir='ltr'><em>et</em></span> <span class='ocrx_word' id='word_1_72' title='bbox 515 1764 639 1842; x_wconf 88' lang='lat' dir='ltr'><em>notae,</em></span> <span class='ocrx_word' id='word_1_73' title='bbox 655 1749 699 1822; x_wconf 92' lang='lat' dir='ltr'><em>in</em></span> <span class='ocrx_word' id='word_1_74' title='bbox 717 1746 867 1850; x_wconf 89' lang='lat' dir='ltr'><em>quibus</em></span> <span class='ocrx_word' id='word_1_75' title='bbox 879 1775 901 1823; x_wconf 91' lang='lat' dir='ltr'><em>e</em></span> <span class='ocrx_word' id='word_1_76' title='bbox 915 1748 1120 1853; x_wconf 84' lang='lat' dir='ltr'><em>prioribus</em></span> <span class='ocrx_word' id='word_1_77' title='bbox 1158 1730 1162 1736; x_wconf 28' lang='lat'><strong><em>¹</em></strong></span> 
     </span>
     <span class='ocr_line' id='line_1_13' title="bbox 69 1867 1121 1975; baseline 0.003 -31"><span class='ocrx_word' id='word_1_78' title='bbox 69 1867 311 1973; x_wconf 86' lang='lat' dir='ltr'><em>editionibus</em></span> <span class='ocrx_word' id='word_1_79' title='bbox 320 1867 715 1973; x_wconf 90' lang='lat' dir='ltr'><em>optimumquodque</em></span> <span class='ocrx_word' id='word_1_80' title='bbox 723 1872 1003 1974; x_wconf 89' lang='lat' dir='ltr'><em>excerpsimus,</em></span> <span class='ocrx_word' id='word_1_81' title='bbox 1013 1900 1121 1975; x_wconf 86' lang='lat' dir='ltr'><em>quae·</em></span> 
     </span>
     <span class='ocr_line' id='line_1_14' title="bbox 70 1994 1120 2102; baseline 0.001 -31"><span class='ocrx_word' id='word_1_82' title='bbox 70 1995 156 2071; x_wconf 91' lang='lat' dir='ltr'><em>dam</em></span> <span class='ocrx_word' id='word_1_83' title='bbox 165 1995 511 2089; x_wconf 87' lang='lat' dir='ltr'><em>concinnavimus,</em></span> <span class='ocrx_word' id='word_1_84' title='bbox 522 2021 625 2071; x_wconf 90' lang='lat' dir='ltr'><em>nova</em></span> <span class='ocrx_word' id='word_1_85' title='bbox 633 1995 778 2098; x_wconf 89' lang='lat' dir='ltr'><em>saepius</em></span> <span class='ocrx_word' id='word_1_86' title='bbox 786 1994 1018 2100; x_wconf 89' lang='lat' dir='ltr'><em>adjecimus,</em></span> <span class='ocrx_word' id='word_1_87' title='bbox 1027 2025 1120 2102; x_wconf 86' lang='lat' dir='ltr'><em>quae</em></span> 
     </span>
     <span class='ocr_line' id='line_1_15' title="bbox 70 2114 1121 2224; baseline 0 -30"><span class='ocrx_word' id='word_1_88' title='bbox 70 2121 285 2224; x_wconf 87' lang='lat' dir='ltr'><em>praesertim</em></span> <span class='ocrx_word' id='word_1_89' title='bbox 306 2116 357 2193; x_wconf 93' lang='lat' dir='ltr'><em>ad</em></span> <span class='ocrx_word' id='word_1_90' title='bbox 375 2119 554 2194; x_wconf 86' lang='lat' dir='ltr'><em>criticam</em></span> <span class='ocrx_word' id='word_1_91' title='bbox 573 2114 790 2192; x_wconf 79' lang='lat' dir='ltr'><em>literarium</em></span> <span class='ocrx_word' id='word_1_92' title='bbox 808 2117 1121 2224; x_wconf 87' lang='lat' dir='ltr'><em>historicamque</em></span> 
     </span>
     <span class='ocr_line' id='line_1_16' title="bbox 70 2246 282 2348; baseline -0.005 -28"><span class='ocrx_word' id='word_1_93' title='bbox 70 2246 282 2348; x_wconf 79' lang='lat' dir='ltr'><em>pertinent.</em></span> 
     </span>
    </p>

    <p class='ocr_par' dir='ltr' id='par_1_4' title="bbox 71 2367 1130 3965">
     <span class='ocr_line' id='line_1_17' title="bbox 117 2367 1123 2475; baseline 0.002 -31"><span class='ocrx_word' id='word_1_94' title='bbox 117 2367 236 2447; x_wconf 92' lang='lat' dir='ltr'><em>Floro</em></span> <span class='ocrx_word' id='word_1_95' title='bbox 268 2370 473 2474; x_wconf 87' lang='lat' dir='ltr'><em>proximus</em></span> <span class='ocrx_word' id='word_1_96' title='bbox 505 2367 615 2444; x_wconf 90' lang='lat' dir='ltr'><em>adest</em></span> <span class='ocrx_word' id='word_1_97' title='bbox 648 2367 872 2475; x_wconf 80' lang='lat' dir='ltr'><em>Ampelius,</em></span> <span class='ocrx_word' id='word_1_98' title='bbox 913 2370 1123 2446; x_wconf 88' lang='lat' dir='ltr'><em>substratis</em></span> 
     </span>
     <span class='ocr_line' id='line_1_18' title="bbox 71 2489 1125 2598; baseline -0.002 -29"><span class='ocrx_word' id='word_1_99' title='bbox 71 2493 329 2571; x_wconf 90' lang='lat' dir='ltr'><em>Freinshemii</em></span> <span class='ocrx_word' id='word_1_100' title='bbox 341 2489 506 2588; x_wconf 86' lang='lat' dir='ltr'><em>notulis,</em></span> <span class='ocrx_word' id='word_1_101' title='bbox 522 2511 562 2567; x_wconf 90' lang='lat' dir='ltr'><em>et</em></span> <span class='ocrx_word' id='word_1_102' title='bbox 575 2511 781 2597; x_wconf 88' lang='lat' dir='ltr'><em>praeeunte</em></span> <span class='ocrx_word' id='word_1_103' title='bbox 792 2490 971 2569; x_wconf 86' lang='lat' dir='ltr'><em>Salmasii</em></span> <span class='ocrx_word' id='word_1_104' title='bbox 984 2491 1125 2598; x_wconf 88' lang='lat' dir='ltr'><em>praefa-</em></span> 
     </span>
     <span class='ocr_line' id='line_1_19' title="bbox 73 2615 1124 2722; baseline 0.001 -31"><span class='ocrx_word' id='word_1_105' title='bbox 73 2620 189 2695; x_wconf 89' lang='lat' dir='ltr'><em>tione.</em></span> <span class='ocrx_word' id='word_1_106' title='bbox 210 2619 332 2692; x_wconf 92' lang='lat' dir='ltr'><em>Hunc</em></span> <span class='ocrx_word' id='word_1_107' title='bbox 351 2617 460 2691; x_wconf 91' lang='lat' dir='ltr'><em>enim</em></span> <span class='ocrx_word' id='word_1_108' title='bbox 480 2633 615 2692; x_wconf 87' lang='lat' dir='ltr'><em>nostro</em></span> <span class='ocrx_word' id='word_1_109' title='bbox 634 2615 718 2692; x_wconf 85' lang='lat' dir='ltr'><em>fere</em></span> <span class='ocrx_word' id='word_1_110' title='bbox 737 2644 893 2722; x_wconf 88' lang='lat' dir='ltr'><em>semper</em></span> <span class='ocrx_word' id='word_1_111' title='bbox 911 2616 1124 2693; x_wconf 86' lang='lat' dir='ltr'><em>adhaeren-</em></span> 
     </span>
     <span class='ocr_line' id='line_1_20' title="bbox 76 2739 1125 2846; baseline -0.001 -29"><span class='ocrx_word' id='word_1_112' title='bbox 76 2760 149 2820; x_wconf 82' lang='lat' dir='ltr'><em>tem</em></span> <span class='ocrx_word' id='word_1_113' title='bbox 162 2746 206 2819; x_wconf 91' lang='lat' dir='ltr'><em>in</em></span> <span class='ocrx_word' id='word_1_114' title='bbox 222 2741 336 2818; x_wconf 87' lang='lat' dir='ltr'><strong>MSS.</strong></span> <span class='ocrx_word' id='word_1_115' title='bbox 353 2761 394 2817; x_wconf 88' lang='lat' dir='ltr'><em>et</em></span> <span class='ocrx_word' id='word_1_116' title='bbox 406 2739 496 2816; x_wconf 90' lang='lat' dir='ltr'><em>edd.</em></span> <span class='ocrx_word' id='word_1_117' title='bbox 508 2759 547 2817; x_wconf 90' lang='lat' dir='ltr'><em>et</em></span> <span class='ocrx_word' id='word_1_118' title='bbox 559 2741 734 2846; x_wconf 89' lang='lat' dir='ltr'><em>quodam</em></span> <span class='ocrx_word' id='word_1_119' title='bbox 750 2741 1017 2818; x_wconf 86' lang='lat' dir='ltr'><em>contubernio</em></span> <span class='ocrx_word' id='word_1_120' title='bbox 1031 2769 1125 2818; x_wconf 90' lang='lat' dir='ltr'><em>con·</em></span> 
     </span>
     <span class='ocr_line' id='line_1_21' title="bbox 72 2862 1123 2972; baseline -0.002 -30"><span class='ocrx_word' id='word_1_121' title='bbox 72 2868 385 2972; x_wconf 87' lang='lat' dir='ltr'><em>junctissimum,</em></span> <span class='ocrx_word' id='word_1_122' title='bbox 421 2894 444 2940; x_wconf 89' lang='lat' dir='ltr'><em>a</em></span> <span class='ocrx_word' id='word_1_123' title='bbox 466 2862 674 2941; x_wconf 86' lang='lat' dir='ltr'><em>nonnullis</em></span> <span class='ocrx_word' id='word_1_124' title='bbox 697 2885 832 2942; x_wconf 89' lang='lat' dir='ltr'><em>tamen</em></span> <span class='ocrx_word' id='word_1_125' title='bbox 858 2863 1123 2960; x_wconf 83' lang='lat' dir='ltr'><em>exsulantem,</em></span> 
     </span>
     <span class='ocr_line' id='line_1_22' title="bbox 76 2986 1126 3096; baseline 0 -33"><span class='ocrx_word' id='word_1_126' title='bbox 76 3018 142 3066; x_wconf 91' lang='lat' dir='ltr'><em>nos</em></span> <span class='ocrx_word' id='word_1_127' title='bbox 157 2991 252 3096; x_wconf 86' lang='lat' dir='ltr'><em>jure</em></span> <span class='ocrx_word' id='word_1_128' title='bbox 271 2986 506 3095; x_wconf 89' lang='lat' dir='ltr'><em>postliminii</em></span> <span class='ocrx_word' id='word_1_129' title='bbox 523 2991 781 3066; x_wconf 85' lang='lat' dir='ltr'><em>restituimus.</em></span> <span class='ocrx_word' id='word_1_130' title='bbox 805 2992 885 3067; x_wconf 90' lang='lat' dir='ltr'><em>Cui</em></span> <span class='ocrx_word' id='word_1_131' title='bbox 911 2989 1126 3096; x_wconf 89' lang='lat' dir='ltr'><em>subjicitur</em></span> 
     </span>
     <span class='ocr_line' id='line_1_23' title="bbox 77 3113 1126 3219; baseline 0.001 -31"><span class='ocrx_word' id='word_1_132' title='bbox 77 3114 420 3191; x_wconf 90' lang='lat' dir='ltr'><em>Freinshemianns</em></span> <span class='ocrx_word' id='word_1_133' title='bbox 445 3113 567 3190; x_wconf 86' lang='lat' dir='ltr'><em>Index</em></span> <span class='ocrx_word' id='word_1_134' title='bbox 587 3142 714 3190; x_wconf 87' lang='lat' dir='ltr'><em>rerum</em></span> <span class='ocrx_word' id='word_1_135' title='bbox 732 3131 769 3190; x_wconf 82' lang='lat' dir='ltr'><em>et</em></span> <span class='ocrx_word' id='word_1_136' title='bbox 785 3119 1126 3219; x_wconf 81' lang='lat' dir='ltr'><em>verborum&#39;quem</em></span> 
     </span>
     <span class='ocr_line' id='line_1_24' title="bbox 79 3236 1125 3315; baseline 0.002 -5"><span class='ocrx_word' id='word_1_137' title='bbox 79 3237 122 3313; x_wconf 91' lang='lat' dir='ltr'><em>ad</em></span> <span class='ocrx_word' id='word_1_138' title='bbox 144 3257 299 3315; x_wconf 88' lang='lat' dir='ltr'><em>textum</em></span> <span class='ocrx_word' id='word_1_139' title='bbox 318 3257 500 3313; x_wconf 85' lang='lat' dir='ltr'><em>nostrum</em></span> <span class='ocrx_word' id='word_1_140' title='bbox 518 3257 558 3313; x_wconf 92' lang='lat' dir='ltr'><em>et</em></span> <span class='ocrx_word' id='word_1_141' title='bbox 576 3236 777 3314; x_wconf 81' lang='lat' dir='ltr'><em>scribendi</em></span> <span class='ocrx_word' id='word_1_142' title='bbox 794 3266 947 3315; x_wconf 90' lang='lat' dir='ltr'><em>morem</em></span> <span class='ocrx_word' id='word_1_143' title='bbox 970 3266 1125 3315; x_wconf 87' lang='lat' dir='ltr'><em>accom-</em></span> 
     </span>
     <span class='ocr_line' id='line_1_25' title="bbox 80 3361 1130 3469; baseline 0 -31"><span class='ocrx_word' id='word_1_144' title='bbox 80 3362 334 3441; x_wconf 86' lang='lat' dir='ltr'><em>modavimus.</em></span> <span class='ocrx_word' id='word_1_145' title='bbox 377 3364 527 3439; x_wconf 86' lang='lat' dir='ltr'><em>Totum</em></span> <span class='ocrx_word' id='word_1_146' title='bbox 568 3363 744 3468; x_wconf 85' lang='lat' dir='ltr'><em>denique</em></span> <span class='ocrx_word' id='word_1_147' title='bbox 783 3392 883 3469; x_wconf 92' lang='lat' dir='ltr'><em>opus</em></span> <span class='ocrx_word' id='word_1_148' title='bbox 914 3361 1130 3441; x_wconf 87' lang='lat' dir='ltr'><em>concludet</em></span> 
     </span>
     <span class='ocr_line' id='line_1_26' title="bbox 83 3489 1129 3594; baseline -0.002 -31"><span class='ocrx_word' id='word_1_149' title='bbox 83 3489 267 3565; x_wconf 68' lang='lat' dir='ltr'><em>Columnae</em></span> <span class='ocrx_word' id='word_1_150' title='bbox 298 3503 470 3564; x_wconf 84' lang='lat' dir='ltr'><em>rostrotoe</em></span> <span class='ocrx_word' id='word_1_151' title='bbox 500 3491 711 3594; x_wconf 82' lang='lat' dir='ltr'><em>inscriptio,</em></span> <span class='ocrx_word' id='word_1_152' title='bbox 744 3516 765 3561; x_wconf 87' lang='lat' dir='ltr'><em>a</em></span> <span class='ocrx_word' id='word_1_153' title='bbox 789 3489 907 3564; x_wconf 90' lang='lat' dir='ltr'><em>Petro</em></span> <span class='ocrx_word' id='word_1_154' title='bbox 935 3489 1129 3564; x_wconf 89' lang='lat' dir='ltr'><em>Ciaconio</em></span> 
     </span>
     <span class='ocr_line' id='line_1_27' title="bbox 82 3608 1128 3719; baseline 0 -33"><span class='ocrx_word' id='word_1_155' title='bbox 82 3611 266 3719; x_wconf 83' lang='lat' dir='ltr'><em>explicata</em></span> <span class='ocrx_word' id='word_1_156' title='bbox 282 3629 321 3686; x_wconf 89' lang='lat' dir='ltr'><em>et</em></span> <span class='ocrx_word' id='word_1_157' title='bbox 331 3608 531 3717; x_wconf 70' lang='lat' dir='ltr'><em>suppleta,</em></span> <span class='ocrx_word' id='word_1_158' title='bbox 547 3613 872 3716; x_wconf 86' lang='lat' dir='ltr'><em>antiquissimum</em></span> <span class='ocrx_word' id='word_1_159' title='bbox 888 3610 1039 3717; x_wconf 75' lang='lat' dir='ltr'><em>linguae</em></span> <span class='ocrx_word' id='word_1_160' title='bbox 1053 3614 1128 3688; x_wconf 79' lang='lat' dir='ltr'><em>La·</em></span> 
     </span>
     <span class='ocr_line' id='line_1_28' title="bbox 81 3735 1126 3841; baseline 0 -30"><span class='ocrx_word' id='word_1_161' title='bbox 81 3738 169 3814; x_wconf 86' lang='lat' dir='ltr'><em>tinae</em></span> <span class='ocrx_word' id='word_1_162' title='bbox 183 3754 513 3831; x_wconf 87' lang='lat' dir='ltr'><em>monumentum,</em></span> <span class='ocrx_word' id='word_1_163' title='bbox 528 3735 673 3841; x_wconf 89' lang='lat' dir='ltr'><em>dequo</em></span> <span class='ocrx_word' id='word_1_164' title='bbox 690 3736 838 3814; x_wconf 87' lang='lat' dir='ltr'><em>Graevii</em></span> <span class='ocrx_word' id='word_1_165' title='bbox 854 3757 991 3815; x_wconf 89' lang='lat' dir='ltr'><em>notam</em></span> <span class='ocrx_word' id='word_1_166' title='bbox 1008 3737 1058 3812; x_wconf 90' lang='lat' dir='ltr'><em>ad</em></span> <span class='ocrx_word' id='word_1_167' title='bbox 1071 3739 1126 3834; x_wconf 81' lang='grc' dir='ltr'><em>ΙΙ,</em></span> 
     </span>
     <span class='ocr_line' id='line_1_29' title="bbox 83 3856 766 3965; baseline 0.003 -31"><span class='ocrx_word' id='word_1_168' title='bbox 83 3887 118 3957; x_wconf 82' lang='lat'><em>2,</em></span> <span class='ocrx_word' id='word_1_169' title='bbox 135 3867 172 3957; x_wconf 83' lang='lat'><em>§.</em></span> <span class='ocrx_word' id='word_1_170' title='bbox 192 3889 235 3965; x_wconf 85' lang='lat'><em>9,</em></span> <span class='ocrx_word' id='word_1_171' title='bbox 253 3857 359 3934; x_wconf 86' lang='lat' dir='ltr'><em>infra</em></span> <span class='ocrx_word' id='word_1_172' title='bbox 374 3889 415 3965; x_wconf 93' lang='lat' dir='ltr'><em>p.</em></span> <span class='ocrx_word' id='word_1_173' title='bbox 436 3856 526 3964; x_wconf 80' lang='lat'><em>137,</em></span> <span class='ocrx_word' id='word_1_174' title='bbox 542 3857 766 3936; x_wconf 90' lang='lat' dir='ltr'><em>retulimus.</em></span> 
     </span>
    </p>

    <p class='ocr_par' dir='ltr' id='par_1_5' title="bbox 128 3982 1130 4091">
     <span class='ocr_line' id='line_1_30' title="bbox 128 3982 1130 4091; baseline -0.005 -29"><span class='ocrx_word' id='word_1_175' title='bbox 128 3986 269 4078; x_wconf 91' lang='lat' dir='ltr'><em>Nunc,</em></span> <span class='ocrx_word' id='word_1_176' title='bbox 289 4002 336 4058; x_wconf 93' lang='lat' dir='ltr'><em>ut</em></span> <span class='ocrx_word' id='word_1_177' title='bbox 351 4010 470 4059; x_wconf 90' lang='lat' dir='ltr'><em>suum</em></span> <span class='ocrx_word' id='word_1_178' title='bbox 487 3986 635 4088; x_wconf 90' lang='lat' dir='ltr'><em>cuique</em></span> <span class='ocrx_word' id='word_1_179' title='bbox 655 3983 892 4091; x_wconf 87' lang='lat' dir='ltr'><em>rependam,</em></span> <span class='ocrx_word' id='word_1_180' title='bbox 911 3982 1130 4088; x_wconf 87' lang='lat' dir='ltr'><em>praedicare</em></span> 
     </span>
    </p>
   </div>
   <div class='ocr_carea' id='block_1_3' title="bbox 0 0 1349 4808">
    <p class='ocr_par' dir='ltr' id='par_1_6' title="bbox 0 0 1349 4808">
     <span class='ocr_line' id='line_1_31' title="bbox 0 0 1349 4808; baseline 0 0"><span class='ocrx_word' id='word_1_181' title='bbox 0 0 1349 4808; x_wconf 95' lang='lat' dir='ltr'><em> </em></span> 
     </span>
    </p>
   </div>
  </div>
 </body>
</html>
