2640 4808
139 396 176 459 18
506 480 510 485 ἱ
537 397 600 459 nu
623 396 785 461 raoao

175 518 275 599 Hujus
294 517 379 578 Flori
399 516 551 578 habemus
573 521 729 601 Epitomcn
747 520 783 580 de
801 523 886 602 pestis
908 524 1108 583 Romanorum
1126 525 1193 585 sive

134 621 242 679 Rerum
256 619 457 688 Romanarum
470 615 555 677 libros
566 620 620 693 IV,
634 618 673 677 ab
686 619 724 678 U.
738 619 771 677 C.
786 618 826 678 ad
839 621 911 678 Jani
923 620 1077 704 templum
1088 623 1192 704 prima

134 718 200 776 vice
218 714 357 776 clausum
376 715 433 774 sub
450 717 588 796 Augusto
603 717 803 797 imperatore.
820 717 917 798 Supra
933 716 988 778 lib.
1006 719 1036 794 I,
1053 739 1121 802 cap.
1144 742 1192 796 11,

135 813 332 873 observatum
343 826 404 887 est,
415 814 450 872 T.
463 813 586 873 Livium
602 814 636 873 in
653 815 789 875 Historia
801 815 945 877 Romana
961 815 1045 876 idem
1054 815 1120 878 fere
1131 818 1192 879 sibi

131 909 280 991 temporis
298 911 434 991 spatium
453 907 689 970 describendum
708 911 923 993 proposuisse:
942 912 1026 972 unde
1044 913 1191 991 fuerunt,

132 1007 187 1089 qui
199 1006 278 1065 Livii
289 1007 448 1088 epitomen
461 1006 508 1066 his
521 1006 609 1067 libris
621 1009 775 1068 contineri
790 1008 937 1070 dicerent.
949 1010 995 1070 Sic
1007 1009 1042 1069 in
1053 1010 1192 1072 editione

131 1103 327 1180 Florentiae,
338 1126 365 1164 a.
378 1104 470 1180 1510,
480 1105 558 1180 in-8,
573 1106 592 1163 J
594 1106 696 1166 ustino
706 1105 741 1165 hi
750 1105 825 1165 libri
835 1104 1046 1187 subjiciuntur
1057 1128 1093 1168 ex
1105 1107 1190 1168 Phil.

129 1200 273 1262 Beroaldi
288 1202 480 1279 recensione,
496 1201 558 1263 hoc
569 1202 677 1264 titulo:
690 1202 771 1264 Fiori
783 1206 955 1285 Epitomatu
965 1217 1092 1286 quattuor
1098 1226 1191 1288 quam

83 1304 86 1311 ⁴
130 1297 335 1362 cultissimum
346 1301 383 1360 X.
397 1300 671 1361 autumemus.
685 1301 871 1362 SedaLivio
888 1322 956 1361 non
972 1302 1065 1363 semel
1080 1305 1114 1362 in
1128 1301 1191 1364 hoc

113 1419 223 1481 -opere
245 1399 406 1459 dissentire
424 1397 555 1459 Florum
575 1401 698 1458 notavit
719 1400 838 1480 Lipsius
858 1401 893 1458 in
914 1398 1041 1477 Electis,
1062 1401 1117 1461 lib.
1140 1402 1191 1478 ll,

130 1517 197 1579 cap.
214 1495 248 1572 5,
261 1509 292 1556 et
303 1498 369 1578 ipse
386 1496 475 1571 dicit,
489 1516 519 1555 se
534 1517 553 1555 a
563 1497 655 1556 variis
667 1496 846 1556 auctoribus
858 1497 1001 1557 sumsisse
1010 1518 1080 1573 sua,
1091 1519 1189 1580 quos,

129 1605 166 1653 ut
186 1593 219 1652 in
236 1593 292 1653 tali
311 1595 466 1676 epitome,
487 1614 556 1653 non
577 1594 765 1654 nominatim
785 1595 1049 1657 commemorarit.
1069 1594 1190 1656 Multus

130 1702 235 1750 autem
246 1689 358 1752 Florus
371 1702 416 1767 est
431 1692 465 1750 in
476 1690 569 1751 laude
581 1712 686 1754 rerum
698 1713 716 1751 a
727 1691 875 1752 Romanis
887 1682 1063 1771 gestarum,
1074 1704 1191 1755 utnon

87 1860 90 1867 Ι
129 1802 195 1849 tam
207 1810 334 1850 narrare
345 1789 442 1866 bella,
453 1811 550 1872 quam
558 1803 746 1873 perpetuum
754 1791 955 1851 victoriarum
966 1808 1122 1871 paeanem,
1134 1790 1191 1851 llo·

129 1887 213 1963 rida,
232 1887 286 1948 sed
303 1888 461 1949 interdum
473 1889 512 1950 ad
524 1890 680 1971 poeticam
696 1887 859 1949 accedente
874 1887 1010 1948 dictione
1024 1887 1190 1949 decantare

129 1986 270 2047 videatur
291 1986 381 2047 brevis
400 1985 447 2048 bic
467 2001 495 2048 et
510 2000 642 2069 comptus
663 1989 840 2062 Historicus,
859 2000 896 2046 ut
912 2000 1043 2046 vocatum
1061 2008 1080 2046 a
1103 1986 1190 2048 Julio

26 2126 29 2131 -
130 2083 235 2158 Celso,
247 2105 278 2167 p.
294 2086 348 2144 118
361 2083 433 2145 edit.
447 2084 569 2144 Graevii.
581 2085 643 2144 Sub
655 2081 790 2164 Trajano
805 2084 970 2166 scripsisse,
982 2082 1142 2165 colligitur
1152 2104 1190 2144 ex

128 2181 230 2240 vorbis
244 2181 390 2262 prooemii
403 2179 457 2239 lib.
470 2181 484 2239 Ι
496 2203 502 2237 :
518 2205 532 2237 u
542 2171 606 2242 Nisi
617 2181 704 2262 quod
714 2181 772 2240 sub
784 2180 920 2261 Traiano
932 2180 1072 2262 principe
1083 2194 1192 2242 movet

131 2279 302 2353 alacenos,
324 2292 354 2338 et
373 2291 483 2359 praeter
504 2301 589 2362 spem
611 2281 756 2340 omnium
779 2291 917 2340 senectus
937 2279 1075 2362 imperii,
1100 2280 1191 2361 quasi

131 2400 145 2431 ιι
154 2376 274 2437 reddita
281 2373 459 2457 juventute,
472 2378 661 2438 revirescit.»
676 2377 739 2455 Qui
749 2378 806 2437 sub
819 2376 956 2436 Adriano
967 2377 1105 2452 malunt,
1116 2398 1190 2437 cum

128 2477 302 2537 Nazariano
319 2474 425 2536 codice
438 2475 546 2556 legunt
560 2479 651 2537 movit
664 2475 791 2536 lacertos.
806 2476 862 2535 His
874 2474 1015 2535 assentiri
1026 2466 1147 2551 liceret,
1164 2477 1190 2535 si

129 2573 241 2634 deinde
255 2573 369 2634 diceret
381 2576 499 2634 reviruit
508 2580 593 2649 (non
605 2576 778 2653 revirescit),
793 2594 851 2634 nec
862 2572 1016 2635 Hadriani
1033 2575 1192 2634 omitteret

128 2671 332 2732 mentionem.
353 2670 447 2747 Quod
467 2691 540 2732 vero
560 2673 619 2747 ait,
640 2671 678 2732 ab
697 2672 837 2752 Augusto
857 2670 944 2732 haud
961 2671 1064 2732 multo
1084 2672 1191 2733 minus

129 2768 261 2831 abfuisse
282 2790 381 2851 quum
405 2771 549 2830 scriberet
568 2790 668 2830 annos
690 2790 765 2847 noo,
787 2792 845 2852 pro
867 2791 904 2830 eo
926 2767 1095 2850 legendum
1115 2770 1191 2844 150,

128 2870 206 2929 sicut
226 2869 309 2951 apud
332 2866 532 2930 Philastrium
552 2890 578 2930 c.
600 2870 666 2930 GXl
684 2888 743 2951 pro
761 2866 822 2942 430
838 2867 1067 2942 demonstravi,
1082 2866 1190 2948 legen·

129 2966 207 3029 dum
228 2967 298 3028 380.
318 2967 424 3048 Neque
445 2966 493 3028 his
516 2981 561 3027 est
581 2968 759 3042 adversum,
780 2966 867 3047 quod
888 2977 996 3047 postea
1016 2966 1110 3025 etiam
1128 2963 1191 3025 alia

129 3067 247 3149 scripsit
258 3065 368 3127 Florus
380 3065 532 3127 Hadriani
546 3077 651 3140 aetate,
667 3064 751 3126 unde
765 3086 784 3124 a
794 3062 952 3138 Charisia,
967 3064 1022 3124 lib.
1039 3064 1073 3139 1,
1086 3083 1118 3145 p.
1132 3063 1190 3139 38,

129 3165 264 3224 citantur
284 3165 392 3223 Annaei
412 3163 498 3223 Flori
520 3162 559 3222 ad
583 3164 620 3222 D.
645 3163 819 3222 Adrianum
837 3162 949 3236 verba:
973 3163 1121 3232 Poematis
1141 3160 1191 3221 de·

130 3261 231 3334 lector‚·
253 3275 283 3320 et
304 3284 335 3343 p.
359 3262 431 3335 113,
451 3264 537 3342 quasi
554 3261 589 3321 de
608 3260 707 3321 Arabe
725 3274 778 3322 aut
796 3263 937 3323 Sarmata
957 3258 1123 3318 manubias.
1149 3259 1191 3319 Et

130 3361 310 3441 Spartianus
327 3360 360 3419 in
379 3360 507 3420 Adriani
520 3362 599 3435 vita,
611 3378 678 3441 cap.
698 3361 750 3435 16,
762 3358 872 3434 refert,
885 3375 960 3442 eum
973 3356 1070 3418 Floro
1087 3370 1191 3439 poetae

130 3456 279 3517 scribenti
291 3457 331 3516 ad
341 3476 386 3532 se,
399 3461 465 3539 Epo
473 3456 541 3519 uolo
553 3459 651 3520 Coesar
660 3478 731 3531 esse,
744 3469 815 3532 ete,
829 3456 1029 3538 rescripsisse:
1042 3457 1111 3536 Epo
1121 3453 1191 3517 uolo

130 3552 236 3616 Florus
247 3573 322 3628 esse,
341 3568 396 3614 etc.
412 3557 495 3615 Huic
508 3555 593 3615 enim
604 3554 698 3615 Floro
712 3554 806 3616 etiam
821 3554 966 3614 tribuunt
981 3553 1040 3612 viri
1058 3550 1190 3626 eruditi,

130 3664 166 3711 ut
183 3664 256 3711 ante
277 3651 413 3727 dictum,
433 3673 502 3733 quae
521 3653 600 3711 inter
621 3664 724 3711 vetera
749 3664 896 3733 poemata
916 3648 1055 3731 vulgavit
1080 3649 1190 3708 Petrus

130 3745 266 3808 Pitbaeus
285 3747 324 3807 de
340 3747 487 3828 qualitate
500 3749 587 3824 ntae,
606 3762 636 3810 et
654 3746 844 3830 Peruipiiium
864 3750 895 3811 V
892 3749 996 3822 arteris,
1016 3759 1047 3806 et
1061 3744 1190 3805 tertium

131 3846 216 3927 quod
227 3841 1190 3928 incipit:Veneruutalipuaudorosoe.MultaeFloroJornandes,

130 3942 231 4009 multa
246 3946 342 4005 etiam
356 3943 516 4005 Freculfus
532 3946 565 4003 in
583 3944 759 4019 Chronico,
771 3945 937 4004 Vincentio
955 3942 1072 4004 Bellov.
1090 3940 1189 4002 etalii

129 4038 276 4126 juniores.
289 4043 334 4100 Ex
348 4041 490 4102 Freculfo
504 4040 573 4101 loca
588 4042 734 4122 quaedam
748 4041 834 4102 Flori
849 4042 967 4103 restitui
981 4061 1072 4124 posse
1086 4026 1200 4102 claris·-¹
