2640 4808
267 412 576 481 TESTIMONIA
599 412 661 474 ET
684 410 893 474 JUDIClA.
1091 408 1109 469 3

44 568 89 608 aaa
112 546 194 604 alius
212 543 269 616 sit,
285 541 341 620 qui
359 535 557 619 singulorum
575 535 640 607 fere
658 533 738 593 Livii
756 532 910 593 librorum
929 547 1111 614 argumenta

47 641 194 723 reliquit,
207 659 278 720 quoe
291 635 386 697 hodie
397 646 532 710 exstant,
545 634 640 693 etiam
651 630 823 707 librorum,
837 633 892 715 qui
905 630 1110 714 deperierunt.

88 739 167 815 Sed,
177 758 260 813 ecee,
272 736 450 796 denomino
461 736 555 794 etiam
566 732 724 814 scriptoris
735 732 822 791 litem
834 745 965 793 movent
975 732 1033 791 viri
1043 753 1113 792 eru-

48 839 119 899 diti.
146 833 337 916 Scrupulum
366 834 403 892 iis
430 830 545 914 injicit,
566 828 653 912 quod
678 830 818 888 Lactant.
844 829 980 889 lustitut„
1008 829 1113 888 Divin.

49 936 109 995 lib.
124 935 184 993 Vll
200 934 342 993 Senecam
362 927 505 1011 appellet
524 926 700 1008 Siquidem,
720 926 886 1006 inquiunt,
903 926 1113 1007 antiquiorem

49 1034 115 1092 hoc
125 1030 274 1090 historico
284 1027 439 1086 habemns
452 1025 626 1099 nerninem,
639 1023 694 1104 qui
707 1021 862 1103 populum
875 1024 1056 1083 Romanum
1067 1023 1115 1083 di-

49 1131 160 1190 viserit
171 1149 228 1211 per
236 1139 374 1209 quatuor
384 1138 495 1186 aetates.
509 1127 547 1184 At
556 1125 702 1183 Senecam
711 1119 776 1202 ejus
786 1122 829 1181 rei
838 1134 999 1183 auctorem
1008 1121 1116 1183 laudat

52 1232 97 1303 is,
112 1249 210 1310 quem
227 1227 384 1301 diximus,
398 1225 598 1297 Lactantius,
616 1221 665 1282 liis
683 1222 804 1282 verbis:
823 1247 838 1277 ιι
847 1225 919 1283 Non
940 1225 1048 1284 inscite
1066 1225 1115 1284 Sc-

55 1349 160 1388 «neca
179 1329 330 1387 Romanae
347 1323 434 1383 urbis
452 1335 595 1402 tempora
613 1320 772 1379 distribuit
792 1322 826 1380 in
847 1333 958 1382 aetates.
978 1323 1116 1383 Primam

56 1426 170 1485 «enim
186 1423 264 1483 dixit
277 1421 444 1482 infantiam
463 1420 521 1480 sub
535 1440 607 1500 rege
620 1417 757 1478 Romulo
775 1417 887 1493 fuisse3
901 1441 919 1478 a
938 1441 1001 1501 qno
1018 1432 1049 1481 et
1065 1442 1118 1502 ge-

57 1549 71 1577 «
82 1523 168 1596 nita,
180 1533 212 1580 et
223 1540 312 1601 quasi
304 1517 494 1578 educata
471 1531 510 1577 sit
522 1519 641 1577 Roma
655 1515 767 1576 deinde
780 1518 946 1598 pueritiam
958 1518 1017 1578 sub
1031 1532 1119 1599 caete·¹

59 1621 125 1679 uris
144 1617 288 1698 regibus,
309 1638 327 1675 a
345 1615 459 1696 quibus
478 1627 508 1674 et
528 1626 619 1674 aucta
640 1616 694 1689 ait,
716 1627 747 1673 et
764 1614 935 1697 disciplinis
955 1615 1117 1697 pluribus,
1203 1648 1207 1663 ·

59 1718 297 1797 «institutisque
315 1715 470 1775 formata·
490 1726 522 1772 at
540 1734 632 1788 vero,
643 1713 816 1793 Tarquinio
834 1728 1001 1795 regnante,
1018 1736 1118 1798 quum

61 1814 149 1897 ajam
164 1817 253 1897 quasi
265 1813 373 1874 adulta
383 1833 446 1873 esse
460 1813 619 1893 coepisset,
634 1812 794 1872 servitium
808 1833 874 1872 non
889 1813 1011 1888 tulisse3
1027 1828 1058 1874 et
1070 1835 1117 1874 re-

61 1940 74 1966 «
81 1911 168 1994 jecto
180 1910 324 1994 superbae
336 1909 560 1970 dominationis
569 1908 662 1991 jugo,
673 1900 816 1996 maluisse
828 1910 949 1992 legibus
962 1912 1119 1994 obtempe-

62 2031 170 2083 «rare,
189 2030 287 2090 quam
307 2008 449 2088 regibus:
473 2028 633 2088 quumque
654 2020 729 2066 esset
748 2006 956 2068 adolescentia
977 2006 1041 2089 ejus
1056 2007 1120 2069 fine

63 2136 76 2161 a
87 2107 199 2167 Punici
212 2105 287 2166 belli
297 2107 474 2178 terminata,
481 2117 550 2164 tum
561 2105 703 2178 demum,
716 2103 907 2165 confirmatis
920 2106 1048 2183 viribus,
1059 2127 1120 2166 coe·

64 2208 166 2288 «pisse
185 2205 394 2284 juvenescere.
414 2202 540 2264 Sublata
559 2205 644 2263 enim
665 2203 871 2284 Carthagine,
893 2225 962 2286 quae
980 2218 1045 2267 tarn
1065 2205 1121 2265 diu

59 2298 203 2362 'aaemula
223 2302 348 2384 imperii
366 2301 502 2360 Romani
521 2299 599 2375 fuit,
618 2320 730 2361 manus
746 2322 816 2361 suas
837 2302 871 2361 in
887 2315 990 2361 totum
1013 2303 1121 2363 orbem

66 2425 78 2452 u
88 2413 171 2459 terra
182 2399 324 2479 marique
336 2397 488 2479 porrexit:
502 2397 600 2457 donec
612 2397 736 2478 regibus
751 2400 884 2474 cunctis,
896 2413 926 2460 et
937 2401 1120 2461 nationibus

66 2493 279 2577 «subjugatis,
302 2514 401 2574 quum
417 2491 482 2573 jam
502 2493 659 2552 bellorum
675 2495 805 2554 materia
820 2494 982 2570 deiiceret,
1003 2497 1122 2557 viribus

67 2595 152 2654 «suis
170 2591 253 2654 male
271 2605 419 2666 uteretur,
432 2591 546 2672 quibus
563 2612 594 2651 se
610 2594 677 2673 ipsa
691 2591 835 2652 confecit.
854 2596 927 2655 Haec
944 2594 1004 2656 fuit
1019 2596 1120 2678 prima

67 2717 80 2744 u
90 2691 155 2773 ejus
167 2704 325 2765 senectus,
339 2709 438 2770 quum
452 2689 542 2748 bellis
554 2688 687 2750 lacerata
698 2692 857 2767 civilibus,
870 2706 964 2776 atque
974 2695 1123 2755 intestino

67 2789 176 2848 amalo
192 2810 314 2869 pressa,
331 2808 437 2848 rursus
454 2787 492 2846 ad
511 2788 651 2868 regimen
668 2790 833 2869 singularis
852 2792 973 2874 imperii
992 2793 1122 2869 recidit,

69 2912 80 2940 a
91 2889 179 2968 quasi
194 2887 233 2947 ad
248 2887 378 2948 alteram
393 2884 562 2945 infantiam
576 2886 727 2946 revoluta.
741 2889 859 2948 Amissa
871 2890 956 2949 enim
967 2890 1124 2966 libertate,

67 3005 206 3064 «quam,
223 2987 320 3044 Bruto
341 2973 470 3042 duceet
491 2995 634 3058 auctore,
656 2982 853 3060 defenderat,
874 2987 917 3046 ita
939 2989 1125 3062 consenuit,

69 3107 83 3133 u
92 3095 254 3162 tamquam
266 3093 437 3143 sustentare
448 3101 480 3140 se
492 3081 558 3163 ipsa
573 3101 640 3140 non
655 3081 788 3157 valeret,
800 3083 859 3142 nisi
872 3083 1063 3146 adminiculo
1080 3107 1127 3146 re·

71 3179 235 3258 agentium
248 3189 478 3238 sustentaretur.
488 3200 503 3233 a
519 3178 675 3238 Hactenus
687 3180 877 3240 Lactantius.
895 3183 940 3241 Ea
955 3196 1059 3243 autem
1073 3205 1125 3244 ex·

68 3278 220 3359 scripsisse
231 3280 322 3337 aiunt
334 3297 370 3336 ex
383 3275 514 3358 prologo
527 3275 627 3350 Flori,
637 3277 694 3336 ubi
706 3275 772 3338 hoec
784 3277 887 3362 legas:
903 3283 957 3342 «si
969 3284 1039 3363 quis
1051 3305 1125 3366 ergo

72 3374 247 3457 apopulum
257 3375 454 3448 Romanum,
468 3375 556 3455 quasi
573 3373 739 3434 hominem
758 3379 948 3456 consideret,
965 3394 1126 3465 totamque

72 3472 158 3554 «ejus
178 3456 302 3533 etatem
320 3488 516 3554 percenseat,
540 3486 574 3533 ut
596 3476 744 3556 coeperit,
765 3488 861 3559 utque
882 3479 1070 3557 adoleverit,
1093 3498 1129 3542 ut

73 3572 184 3650 aquosi
203 3570 245 3630 ad
268 3570 437 3650 quemdam
457 3567 595 3652 juventae
622 3570 731 3632 florem
755 3577 946 3655 pervenerit,
966 3594 1001 3639 ut
1021 3594 1127 3661 postea

73 3667 180 3728 “velut
197 3669 412 3744 consenuerit,
431 3681 567 3750 quatuor
584 3670 698 3750 gradus
718 3692 940 3756 processusque
957 3677 1022 3760 ejus
1042 3678 1127 3738 inve-

72 3767 167 3827 «niet.
192 3768 301 3827 Prima
319 3782 391 3827 aetas
413 3767 472 3827 sub
500 3768 625 3848 regibus
649 3768 710 3829 fuit
733 3792 833 3853 prope
856 3795 912 3856 per
934 3775 991 3836 250
1011 3797 1127 3850 anuos,

72 3864 208 3943 aquibus
226 3867 347 3924 circum
366 3866 466 3946 ipsam
484 3880 617 3925 matrem
636 3887 724 3927 suam
745 3889 816 3928 cum
835 3867 977 3932 finitimis
997 3871 1129 3934 luctatus

74 3977 146 4021 neat
168 3963 323 4024 flaccerit
341 3959 405 4045 ejus
424 3961 568 4024 infantia.
589 3965 726 4047 Sequens
748 3989 766 4026 a
787 3969 883 4029 Bruto
909 3969 1128 4052 Collatinoque

73 4061 296 4133 «consulibus,
315 4060 350 4116 in
372 4060 508 4141 Appium
530 4060 698 4121 Claudium
725 4063 961 4145 Quinctumque
984 4067 1130 4126 Fulvium
