2640 4808
273 390 582 461 TESTIMONlA
603 394 666 465 ΕΤ
687 395 902 458 JUDlClA.
1074 400 1114 463 -15

56 513 297 589 tentionibus,
316 534 429 595 nempe
446 514 488 573 ob
509 515 656 580 novitatis
676 517 710 577 iu
728 516 938 597 exprimendis
958 523 1116 589 sententiis

55 640 69 669 a
78 625 109 675 et
119 612 325 694 conceptibus
337 611 490 687 studium,
502 614 582 674 cirea
593 613 680 695 quod
693 615 829 675 maxime
840 613 900 674 hoc
911 635 978 675 nvo
991 616 1104 699 scripto

56 731 127 777 arnt
140 711 314 775 muniunt.
325 736 339 766 n
353 709 447 775 Addit
458 709 571 775 deinde
583 732 653 792 quae
668 713 880 773 resbonorum
893 714 1063 790 nauseant,
1077 715 1115 776 ab

53 807 161 875 eadem
182 808 278 868 etiam
301 805 348 867 his
374 807 500 871 advena
523 807 686 890 proficisci.
709 810 786 873 Num
809 810 1011 891 cupiditatem
1033 833 1116 874 nove

54 905 177 969 dicendi
189 905 324 967 maxime
336 905 462 984 ingenia
474 907 622 986 praeulara
637 906 834 969 inflammare
847 907 886 967 ed
900 909 1048 970 eximium
1063 909 1118 970 eli·

55 1004 146 1085 quid,
158 1018 190 1067 et
203 1002 290 1084 quod
303 1024 398 1084 supra
414 1002 498 1084 vulgi
511 1019 638 1086 captum
652 1005 705 1079 sit,
721 1003 863 1086 nihilque
878 1005 1035 1086 plebeium
1053 1029 1117 1090 pree
1161 1013 1170 1024 '

55 1125 85 1171 so
108 1102 206 1176 feret,
228 1100 443 1165 molientium:
468 1101 521 1165 sed
545 1103 599 1183 qui
618 1101 737 1183 judicio
761 1125 825 1165 non
848 1105 989 1181 valeant,
1009 1127 1066 1167 nec
1086 1129 1117 1168 ee

55 1212 251 1283 componant
271 1199 523 1282 adoptianorum
545 1202 772 1278 imitationem,
791 1201 882 1263 facile
901 1206 933 1262 in
953 1202 1019 1266 hnc
1042 1207 1115 1267 vitia

55 1299 205 1372 incidere,
223 1298 257 1359 iu
270 1299 383 1378 quibus
396 1299 454 1359 sibi
467 1300 592 1361 delicias
603 1299 733 1376 faciant,
746 1321 879 1384 qunque
890 1303 990 1384 specie
1001 1306 1116 1387 ingenii

57 1412 86 1459 et
107 1396 256 1461 novitatis
279 1396 494 1459 blandiantur.
518 1399 592 1460 ldeo
618 1405 772 1482 κακοζηλίαν
795 1400 945 1460 vitiorum
971 1404 1116 1464 omnium

57 1496 227 1563 maximum
245 1494 279 1555 in
294 1507 417 1555 oratore
429 1515 492 1554 esse
508 1510 589 1555 recte
603 1498 743 1578 praecipit
759 1499 895 1579 optimus
909 1499 1032 1559 dicendi
1051 1521 1116 1560 nte·

57 1595 146 1674 gister
158 1591 408 1667 Quinctilium,
419 1594 509 1668 vill,
530 1594 563 1652 3:
580 1619 592 1648 n
604 1600 744 1676 κακόζηλον
762 1610 891 1656 vocatur
905 1597 1058 1678 quidquid
1073 1615 1118 1659 eet

59 1689 162 1757 nultra
172 1689 336 1763 virtutem,
347 1689 467 1769 quoties
478 1691 637 1770 ingenium
648 1689 765 1771 judicio
778 1706 875 1768 caret,
885 1707 915 1754 et
927 1697 1028 1777 specie
1040 1697 1116 1756 boni

59 1784 220 1849 elnllitur:
244 1786 389 1848 omnium
413 1789 447 1848 in
470 1786 647 1867 eloquentia
669 1789 818 1848 vitiorum
837 1791 1013 1870 pessimum.
1037 1794 1115 1852 Nem

61 1899 190 1950 uentera
205 1906 306 1966 quum
320 1885 467 1958 vitentur,
480 1883 540 1945 hoc
553 1887 701 1966 petitum
711 1930 1115 1951 .....................

94 1982 261 2047 Muniendi
278 1994 383 2045 autent
396 1993 471 2044 suut
485 1986 595 2041 contra
611 1981 745 2043 blandos
767 1981 839 2041 istor
859 2004 977 2043 errores
997 1985 1116 2046 adolea-

60 2094 172 2154 πωπω,
189 2079 224 2143 in
240 2099 379 2158 quorum
394 2079 540 2141 manibus
554 2092 691 2139 versatur
704 2078 832 2153 Florus,
853 2092 884 2139 et
900 2081 1027 2156 merito,
1043 2084 1115 2164 quie

60 2175 219 2243 meliorem
231 2195 299 2239 uon
311 2173 429 2238 habeut
438 2175 583 2239 nondum
594 2176 708 2236 imbuti
721 2197 825 2235 rerum
838 2177 1053 2238 Romanarum
1066 2201 1117 2241 co·

61 2275 214 2355 grinione,
228 2273 283 2354 qui
296 2273 384 2335 brevi
399 2272 605 2354 compendio,
622 2286 784 2353 tamquam
798 2274 831 2333 in
848 2266 962 2333 tabella
981 2276 1116 2356 quadam

62 2384 162 2437 ortum
180 2384 211 2432 et
227 2390 389 2452 processus
405 2372 553 2434 Romanae
568 2369 745 2451 reipublicae
761 2371 806 2430 eis
818 2371 974 2447 ostendat,
992 2393 1119 2453 praeter

63 2469 115 2535 tim
130 2490 231 2551 quum
250 2468 324 2531 vitia
342 2488 409 2532 non
426 2489 490 2531 una
509 2481 616 2549 peneet
634 2467 756 2529 virtute.
772 2469 1006 2529 Providendum
1023 2471 1119 2551 igitur

63 2589 98 2637 ne
112 2569 265 2650 arripiant
282 2581 447 2649 corrupta,
466 2581 496 2627 et
516 2565 565 2630 his
584 2567 729 2629 innutriti
750 2587 815 2631 non
829 2567 925 2627 modo
942 2589 1117 2649 numquam

63 2665 177 2746 possint
189 2686 346 2731 secernere
362 2686 381 2727 a
397 2665 514 2728 vitiosis
534 2685 626 2738 eane,
646 2663 698 2727 sed
719 2663 888 2724 novitiora
907 2666 990 2723 ranis
1013 2666 1118 2746 prule·

63 2776 140 2827 rent.
152 2765 190 2827 ln
204 2778 384 2845 temporum
396 2783 522 2844 quoque
535 2762 712 2838 notatione,
729 2775 759 2822 et
775 2762 918 2822 locorum
935 2763 1011 2839 situ,
1026 2778 1056 2823 et
1074 2783 1119 2823 re·

63 2882 130 2928 nun
147 2873 304 2941 gestarum
322 2861 501 2925 narratione
515 2881 582 2923 nou
599 2859 693 2922 semel
710 2860 840 2942 impegit
856 2861 912 2921 iate
926 2861 1071 2943 scriptor,
1088 2877 1118 2921 et

62 2959 132 3023 uria
144 2958 272 3040 quidem
289 2959 433 3039 praviter,
453 2970 503 3032 ut,
520 2979 618 3039 quum
635 2959 775 3039 Capuam
789 2957 973 3018 adnumerat
987 2957 1118 3018 urbibus

62 3056 154 3123 ltalia
167 3057 348 3129 maritimis;
361 3077 459 3135 quum
471 3056 640 3117 Falernum
657 3069 687 3117 et
703 3057 867 3116 Massicum
885 3069 1024 3114 montem
1041 3069 1118 3116 tam·

63 3175 154 3234 quern
169 3153 248 3218 duos
261 3153 399 3217 diversos
413 3167 535 3219 montes
546 3161 791 3226 commemorem
806 3174 905 3234 quum
920 3174 1004 3213 unns
1020 3152 1117 3214 idem·

63 3274 119 3333 qun
133 3253 187 3327 εἰη
202 3265 233 3313 et
244 3273 311 3315 non
325 3273 424 3334 pauco
436 3250 528 3333 hujus
543 3251 650 3314 larinae
663 3251 742 3327 alia,
756 3273 825 3335 quae
837 3252 877 3312 ab
893 3253 945 3329 iis,
961 3253 1017 3335 qui
1033 3251 1117 3312 bunc

63 3354 241 3434 scriptorem
257 3352 510 3433 interpretantur,
527 3364 599 3413 tunt
614 3351 771 3415 tironibus
784 3349 969 3425 indicando,
985 3371 1025 3410 ne
1041 3348 1117 3410 falia

64 3471 117 3531 pru
134 3451 215 3517 inii
232 3450 396 3515 imbibant.

406 3640 442 3709 C.
466 3641 503 3708 A.
529 3637 772 3716 DUKERU&

307 3821 345 3856 ln
369 3817 623 3859 PRAEFATIONE
644 3817 690 3856 AD
711 3817 876 3857 FLORUM.

99 3952 145 4012 ne
162 3952 257 4019 Floro
276 3951 344 4032 ipro
364 3946 443 4007 nihil
461 3969 479 4007 a
495 3968 545 4008 ute
561 3949 622 4007 diei
638 3961 755 4030 potest,
771 3947 856 4028 qued
875 3967 941 4006 nou
961 3947 1081 4028 pridem
1098 3967 1117 4007 e

63 4048 185 4125 Vettio,
204 4048 375 4121 Sulmone,
397 4046 544 4127 aliisque,
566 4048 620 4128 qui
643 4067 679 4106 ex
700 4045 858 4128 proferto,
882 4058 913 4102 et
934 4065 1004 4103 eum
1027 4065 1117 4121 oure,
