2640 4808
278 410 587 476 TESTIMONIA
612 413 675 474 ΕΤ
699 412 909 476 JUDlClA.
1106 411 1123 475 5

58 540 99 598 Et
112 535 194 617 quid
207 534 370 618 prohibet,
383 556 445 615 quo
459 538 579 609 minus,
592 550 627 595 ut
636 537 671 595 L.
687 537 796 594 Annaei
810 537 929 595 Senecae
943 533 1126 616 philosophi

59 635 172 708 frater,
189 653 256 693 non
274 645 400 693 tantum
415 635 449 691 L.
467 633 599 692 Annoeus
615 636 749 693 Nouatns
765 633 947 708 dicebatur,
964 632 1016 693 sed
1032 633 1126 692 etiarn

59 733 173 792 tantus
184 729 282 790 cattio
296 729 396 810 (quod
408 750 525 789 nomen
536 727 650 791 habuit
659 744 825 813 postquam
838 751 856 789 a
870 732 967 790 Junio
979 728 1126 790 Gallione

61 842 130 888 erat
139 827 339 909 adoptatus);
351 828 395 886 ita
407 824 588 887 historicum
601 825 687 888 hunc
697 827 875 904 credamus,
887 827 1058 909 adoptione
1071 849 1127 887 no·

62 945 139 985 men
151 938 300 1000 mutasse,
312 937 407 1004 atque
419 924 493 984 inde
504 945 580 1002 esse,
593 924 676 1006 quod
690 924 774 984 idem
787 925 888 984 dictus
899 926 938 984 sit
949 927 983 986 L.
994 927 1127 984 Anaoeas

62 1016 195 1094 Seneca,
208 1033 238 1081 et
249 1023 283 1081 L.
299 1029 432 1081 Astacus
441 1020 566 1097 Flonn3
577 1021 641 1096 vel,
655 1036 690 1081 ut
704 1023 737 1082 in
750 1021 915 1083 nonnullis
927 1023 1016 1082 libris
1027 1022 1127 1105 legere

62 1136 124 1195 est,
134 1117 233 1182 Julius
239 1115 366 1180 ‘Flos-us?
375 1120 469 1198 Quod
481 1121 506 1179 si
515 1133 574 1197 est,
586 1119 717 1180 fortasse
729 1121 822 1181 etiam
831 1119 972 1182 historici
985 1119 1078 1204 hujus
1088 1124 1128 1182 sit

64 1219 329 1303 Octavia'Senecae
346 1218 478 1278 tributa:
496 1240 572 1278 nam
588 1221 623 1277 L.
641 1219 763 1280 Senecae
780 1218 962 1303 philosophi
977 1241 1044 1281 non
1064 1242 1128 1282 esse

64 1318 137 1378 satis
156 1328 299 1397 apertum
322 1330 365 1377 est
367 1359 690 1378 .................
697 1371 702 1385 ,
702 1360 1126 1379 ......................

105 1415 192 1474 Alius
204 1435 280 1474 vero
296 1414 335 1473 ab
350 1412 407 1474 hoc
426 1424 472 1474 est
486 1412 584 1475 Julius
596 1413 713 1490 Florus,
725 1417 773 1474 vir
790 1415 899 1474 itidem
915 1416 1061 1491 disertus,
1073 1417 1127 1498 qui

65 1511 123 1572 sub
139 1511 266 1571 Tiberio
280 1512 368 1571 vixit.
381 1511 429 1573 De
443 1509 504 1572 hoc
516 1512 559 1571 ita
573 1512 616 1572 M.
629 1513 741 1573 Seneca
754 1513 903 1573 Controv.
919 1513 1019 1573 XXV:
1036 1539 1050 1568 a
1059 1514 1127 1596 Ipse

68 1635 82 1664 a
92 1609 200 1669 andivi
209 1607 340 1668 Florum
351 1608 533 1689 quemdam,
542 1609 718 1669 auditorem
725 1612 870 1670 Latronis
881 1611 1048 1686 dicentem,
1060 1633 1127 1673 non

68 1704 178 1787 «apud
197 1706 386 1764 Latronem:
408 1726 510 1787 neque
531 1707 616 1765 enim
635 1705 682 1765 illi
704 1728 772 1766 mos
793 1721 876 1781 erat,
899 1728 1129 1791 quemcumque

69 1829 83 1858 a
93 1803 201 1862 andire
215 1802 459 1863 declamantem:
476 1802 672 1863 declamabat
685 1806 749 1886 ipse
761 1818 901 1881 tantum,
916 1822 948 1865 et
960 1808 1080 1882 aiebat,
1096 1827 1129 1867 se

69 1930 82 1957 a
92 1923 160 1962 non
174 1922 238 1962 esse
253 1904 454 1981 magistrum,
468 1902 519 1961 sed
533 1902 721 1984 exemplum.
738 1905 800 1963 Nec
818 1904 873 1963 ulli
891 1904 944 1963 alii
964 1907 1129 1986 contigisse

69 2002 176 2077 ascio,
190 2022 287 2082 quam
300 2001 385 2083 apud
398 2001 537 2077 Graecos,
552 2003 681 2075 Nicetae3
698 2002 782 2085 apud
797 2005 967 2093 Romanos,
981 2006 1127 2077 Latroni:

70 2127 83 2154 a
93 2114 129 2160 nt
140 2098 286 2182 discipuli
300 2120 365 2158 non
380 2099 480 2159 audiri
498 2100 722 2177 desiderarent,
736 2102 790 2162 sed
804 2104 942 2163 contenti
958 2117 1058 2164 essent
1074 2125 1127 2164 au-

69 2223 84 2252 a
92 2199 169 2259 dire.
177 2224 192 2254 n
202 2197 314 2258 Paullo
323 2210 394 2279 post
405 2212 582 2280 excerptum
593 2219 628 2258 ex
638 2201 662 2258 F
663 2198 723 2259 lori
734 2199 961 2262 declamatione
968 2203 1069 2284 ponit.
1080 2202 1126 2261 De

68 2295 196 2370 eodem,
215 2307 251 2355 ut
271 2309 367 2376 puto,
388 2294 544 2377 simulque
564 2296 669 2356 fratris
687 2295 771 2372 filio,
791 2299 833 2358 sic
853 2299 984 2375 Fabius,
1003 2299 1056 2359 lib.
1080 2300 1124 2357 X:

71 2393 165 2469 «Qua
185 2391 224 2452 de
242 2412 276 2451 re
294 2393 423 2452 memini
442 2413 580 2453 narrasse
596 2393 675 2452 mihi
692 2394 811 2454 Julium
828 2396 1021 2469 Secundum,
1038 2397 1127 2456 illum

71 2519 86 2547 a
95 2492 247 2574 aequalem
261 2512 382 2566 meum,
396 2504 504 2573 atque,
516 2506 552 2553 ut
563 2505 675 2552 notum
687 2507 748 2568 est,
759 2493 956 2554 familiariter
970 2510 1106 2555 amatum
1118 2543 1126 2569 ,

73 2590 183 2649 amirae
200 2588 356 2649 facundiae
375 2589 496 2663 virum,
513 2587 643 2649 infinitae
657 2604 761 2649 tamen
775 2611 855 2651 curae
865 2636 874 2666 ,
886 2591 962 2672 quid
977 2605 1054 2651 esset
1067 2593 1126 2650 sihi

71 2709 114 2746 aa
130 2702 267 2768 patrono
282 2686 411 2746 dictum.
429 2688 457 2744 ls
476 2686 537 2746 fuit
550 2687 652 2747 Julius
664 2688 793 2762 Florus,
812 2690 845 2748 in
862 2690 1039 2770 eloquentia
1055 2690 1128 2750 Gal-

72 2807 87 2837 κ
96 2783 210 2843 harum
220 2783 388 2865 (quoniam
401 2782 445 2843 ibi
458 2782 585 2842 demum
595 2786 730 2844 exercuit
739 2789 826 2864 eam)
839 2788 996 2868 princeps,
1008 2786 1127 2868 alioqui

75 2907 88 2934 a
97 2884 177 2940 inter
187 2903 305 2963 paucos
319 2881 463 2956 disertus,
478 2895 508 2940 et
520 2880 633 2961 dignus
645 2882 699 2942 illa
711 2884 957 2965 propinquitate.
972 2884 1016 2959 Is,
1028 2906 1127 2967 quum

73 2979 287 3055 «Secundum,
300 2977 414 3041 scholae
430 2977 534 3039 adhuc
548 3001 676 3063 operam
691 2982 834 3057 dantem,
851 2984 970 3043 tristem
989 2982 1071 3042 forte
1085 2984 1129 3043 vi·

74 3077 205 3151 udisset,
228 3078 449 3157 interrogavit,
471 3097 541 3157 quae
557 3098 664 3137 caussa
681 3078 793 3137 frontis
812 3091 876 3138 tam
893 3078 1053 3138 adductae?
1072 3100 1127 3140 nec

74 3201 87 3228 ιι
97 3175 302 3236 dissimulavit
312 3175 505 3251 adolescens,
519 3167 644 3236 tertium
655 3177 721 3258 jan
734 3179 816 3238 diem
829 3199 906 3251 esse,
918 3199 953 3238 ex
964 3199 1026 3259 quo
1038 3181 1127 3239 omni

74 3300 88 3327 a
96 3271 202 3334 labore
213 3275 352 3334 materiae
362 3273 401 3332 ad
414 3275 610 3334 scribendum
623 3274 785 3335 destinatae
797 3297 864 3336 non
877 3277 1031 3337 inveniret
1043 3298 1128 3336 exor-

72 3396 88 3425 ι
97 3371 202 3430 dium:
221 3371 359 3458 quolsibi
371 3392 438 3430 non
456 3393 588 3453 praesens
599 3387 725 3433 tantum
737 3373 839 3450 dolor,
851 3374 904 3434 sed
917 3376 1010 3434 etiam
1021 3375 1127 3459 despe-

72 3469 176 3527 aratio
189 3468 222 3527 in
234 3482 397 3549 posterum
409 3466 592 3528 fieret.Tum
604 3468 715 3529 Florus
730 3470 886 3531 arridens:
902 3472 1062 3553 Numquid
1076 3487 1126 3549 tu,

74 3564 338 3649 «inquit,melius
351 3564 450 3626 dicere
461 3569 524 3641 vis,
537 3589 632 3648 quam
649 3570 756 3650 potes?
769 3584 825 3630 etc.
837 3597 851 3627 a
865 3573 927 3632 Nec
942 3573 1075 3638 absurda
1091 3576 1128 3635 sit

72 3662 261 3744 conjectura,
282 3663 307 3724 si
329 3664 398 3745 quis
420 3667 576 3746 opinetur,
599 3666 782 3728 historicum
803 3691 894 3744 eum,
914 3670 954 3731 de
975 3694 1039 3754 quo
1061 3673 1127 3734 fuse

71 3762 203 3823 diximus
219 3763 333 3842 (modo
347 3763 373 3822 is
388 3762 482 3824 Julius
496 3763 602 3825 Florus
616 3780 696 3826 recte
714 3768 748 3826 in
764 3766 854 3829 libris
869 3771 1058 3852 quibusdam
1074 3792 1127 3832 vo-

71 3865 182 3937 catur),
195 3882 231 3922 ex
242 3862 353 3923 eadem
365 3862 473 3944 stirpe,
485 3863 583 3924 immo
592 3863 723 3925 fortasse
734 3864 837 3926 filium
847 3866 955 3943 fuisse,
969 3883 1022 3929 aut
1035 3890 1128 3952 nepo-

71 3970 133 4018 tem
142 3957 220 4018 Julii·
229 3959 332 4031 Flori,
344 3957 404 4017 viri
415 3956 508 4040 h'ujns
521 3961 642 4036 diserti,
656 3963 694 4022 de
707 3986 771 4045 quo
786 3966 829 4024 M.
843 3966 956 4027 Seneca
968 3979 998 4027 et
1010 3967 1127 4043 Quinc-

71 4055 194 4118 tilianus
214 4059 401 4140 loquuntur.
459 4087 461 4090 ·
547 4082 551 4089 ·
