2640 4808
134 389 173 468 24
535 387 598 450 nn
622 387 783 452 suono

170 508 264 587 Quod
282 520 386 568 autem
404 519 508 568 noster
527 508 611 589 apud
624 510 791 569 Horatium
803 506 898 569 Julius
914 507 1017 569 Flo'ms
1034 507 1141 584 audit,
1153 507 1186 568 id

130 609 233 690 ipsum
247 627 319 667 cum
336 603 525 689 quibusdam
541 606 714 684 codicibus,
729 608 785 667 ubi
803 627 929 688 prorsus
945 608 986 668 sic
1004 628 1122 667 nomen
1135 629 1187 668 ex·

129 724 270 787 pressum
278 703 448 784 legebatur,
456 705 619 764 consentit.
626 705 733 787 Neque
742 717 848 764 tamen
857 716 1022 786 propterea
1030 707 1187 764 renuerim

130 803 166 861 in
178 811 287 862 nostro
301 821 482 883 praenomen
494 803 592 876 Lucii,
604 822 672 862 non
683 801 800 877 solum,
812 802 867 883 qui
881 813 981 883 poetae
992 822 1064 861 raro
1074 813 1189 861 cuncta

129 920 347 982 personarum,
356 899 470 982 quibus
480 920 535 960 sua
544 913 688 982 poemata
698 901 1024 975 inscribunt,nomina
1033 920 1188 981 exponere

130 997 244 1074 solent,
262 997 315 1057 sed
327 996 414 1077 quod
427 988 605 1080 plusquam
620 998 785 1058 verisimile
797 996 847 1076 fit,
861 999 880 1056 J
882 997 937 1058 ulii
947 1019 1063 1059 nomen
1077 998 1118 1058 ab
1132 997 1188 1058 illa

129 1095 231 1156 nobili
243 1094 409 1155 Flororum
419 1097 501 1156 inter
509 1097 659 1157 Treveros
671 1095 807 1172 familia,
821 1117 857 1155 ex
867 1117 930 1176 qua
938 1111 975 1156 ut
986 1087 1102 1179 opinor
1113 1097 1189 1157 Nos-

129 1207 178 1256 ter
196 1194 350 1274 originem
368 1194 517 1270 ducebat,
533 1195 567 1254 in
582 1193 738 1256 honorem
751 1194 828 1254 Julii
844 1195 972 1255 Caesaris
990 1215 1054 1254 esse
1070 1214 1188 1254 assum·

131 1305 212 1369 tum,
227 1293 282 1372 qui
294 1312 363 1351 eam
377 1293 454 1352 olim
466 1314 501 1353 ex
516 1293 694 1375 promeritis
708 1291 829 1353 videtur
840 1293 961 1353 civitate
973 1295 1117 1352 Romana
1128 1292 1188 1352 do·

127 1410 225 1450 nasse.
239 1389 357 1467 Quidni
373 1391 469 1471 igitur
484 1409 675 1469 consequens
694 1390 749 1464 sit,
765 1403 876 1472 praeter
892 1389 948 1450 illa
961 1389 1025 1451 duo
1039 1389 1188 1465 nomina,

128 1487 200 1551 Jatii
211 1484 306 1564 Flori,
318 1500 455 1570 posteros
468 1484 622 1569 quosdam
631 1486 714 1547 illius
725 1486 865 1565 la'miliae,
880 1489 915 1548 in
925 1487 1014 1549 Italia
1024 1486 1188 1569 degentes,

130 1599 160 1646 et
178 1583 297 1644 diversa
315 1585 510 1667 praenomina
529 1584 588 1643 sibi
609 1572 789 1644 adscirissei
807 1586 892 1644 Lucii
909 1605 983 1644 sane
1002 1584 1113 1645 Annoei
1131 1604 1190 1646 no·

129 1701 221 1758 men,
236 1680 323 1763 quod
340 1679 480 1764 plerique
497 1679 616 1741 codices
631 1692 739 1740 nostro
759 1681 879 1741 auctori
897 1680 1029 1756 indunt,
1047 1702 1116 1740 non
1132 1681 1190 1741 du·

129 1780 196 1842 bito
208 1778 379 1841 semidocto
391 1779 516 1840 cuidam
529 1778 658 1839 librario
673 1780 785 1854 veteri,
802 1778 906 1840 saeculi
921 1792 992 1861 post
1006 1781 1041 1839 C.
1054 1780 1091 1839 N.
1104 1780 1188 1839 tertii

130 1890 185 1938 aut
207 1877 327 1958 quarti,
352 1877 477 1951 deberi;
500 1877 559 1936 nisi
584 1875 670 1936 vafer
694 1875 867 1959 bibliopola
890 1874 1002 1958 aliquis
1026 1872 1103 1952 fuit,
1132 1878 1189 1958 qui

130 1997 167 2038 ex
187 1975 394 2058 permixtione
418 1975 548 2034 Florum
571 1973 629 2033 sub
651 1973 781 2033 nomine
801 1974 886 2034 Lucii
901 1975 1009 2033 Annoei
1027 1972 1188 2049 vendidit,

130 2074 297 2155 quoniam,
309 2085 344 2132 ut
352 2072 560 2133 demonstravi
569 2073 602 2130 in
612 2072 729 2148 Quaest.
740 2070 796 2130 lib.
807 2072 850 2146 11,
860 2083 1014 2146 tenemus,
1024 2084 1189 2152 utrosque,

37 2191 39 2194 ·
128 2171 261 2231 Florum
273 2181 303 2229 et
315 2170 459 2230 Senecam
472 2167 710 2250 philosophum,
723 2168 762 2228 de
773 2167 916 2228 aetatibus
930 2167 1041 2250 populi
1052 2168 1190 2227 Romani

129 2269 294 2351 scripsisse.
315 2268 392 2328 Utut
410 2267 465 2343 sit,
484 2278 637 2326 testantur
656 2266 765 2326 saltem
784 2265 918 2344 codices,
937 2266 1062 2326 diversis
1077 2265 1126 2325 his
1141 2267 1188 2326 in·

131 2366 354 2449 scriptionibus
372 2366 412 2427 ad
430 2385 488 2425 nos
504 2365 630 2448 perlati,
647 2364 840 2425 confusionis
859 2364 977 2446 aliquid
996 2377 1050 2423 aut
1067 2363 1190 2425 fraudis

131 2467 165 2526 in
181 2464 240 2525 hac
254 2485 287 2524 re
302 2463 473 2545 aliquando
486 2462 685 2524 intervenisse
688 2504 1188 2522 ..........................

172 2564 280 2643 Itaque
292 2561 368 2622 dum
379 2560 502 2621 isthanc
513 2563 637 2620 lucium
647 2559 760 2620 Juttum
772 2557 904 2635 Florum,
918 2570 1076 2620 auctorem
1088 2562 1190 2620 nostri

133 2659 236 2740 operis
249 2657 316 2740 jam
330 2658 534 2740 probabiliter
549 2658 761 2738 agnoscimus,
771 2668 847 2716 teste
859 2659 992 2717 Horatio
1004 2677 1100 2739 porro
1112 2655 1191 2715 cdo-

132 2777 248 2831 cemur,
261 2776 334 2816 eum
349 2755 509 2837 aliquanto
526 2767 684 2837 tempore,
701 2755 777 2815 dum
792 2767 867 2815 esset
881 2775 953 2814 cum
967 2756 1107 2828 Nerone,
1122 2767 1190 2813 stu·

131 2853 190 2913 diis
200 2853 382 2939 quaestuosis
392 2853 506 2933 magis,
517 2873 613 2933 quam
621 2851 802 2913 liberalibus
812 2851 907 2911 fuisse
916 2849 1072 2924 deditum,
1081 2870 1191 2931 quam·

133 2952 178 3011 vis
196 2951 321 3012 interim
341 2963 461 3010 amaret
478 2952 634 3025 carmina,
655 2952 781 3032 ipseque
801 2947 967 3021 funderet3'
983 2948 1189 3028 postmodum

131 3070 223 3126 vero,
247 3049 329 3109 curis
352 3049 540 3109 abstractum
564 3047 691 3122 aulicis,
715 3048 774 3107 sibi
795 3047 905 3106 vixisse
925 3058 955 3104 et
976 3044 1094 3104 literis:
1122 3067 1188 3126 quo

131 3147 281 3228 temporis
298 3147 397 3228 spatio
417 3146 502 3206 haud
523 3145 617 3204 dubie
638 3143 712 3205 bella
727 3158 755 3206 et
767 3165 852 3226 paces
869 3143 979 3226 populi
997 3145 1133 3203 Romani
1155 3146 1190 3204 in

130 3242 218 3303 brevi
237 3242 351 3303 tabella
369 3265 441 3317 sua,
458 3264 553 3323 quarn
574 3241 626 3302 hic
643 3244 811 3318 intuemur,
827 3241 985 3324 amplexus
1000 3252 1060 3316 est,
1079 3242 1189 3302 amici-

131 3342 269 3420 tiamque
281 3360 352 3400 cum
364 3339 426 3399 illis
438 3340 685 3414 convictoribus,
700 3360 780 3421 quos
798 3340 945 3398 Horatius
960 3339 994 3396 in
1010 3338 1115 3418 priore
1132 3360 1189 3400 sua

130 3438 239 3499 laudat
249 3450 395 3519 taxatque
407 3438 556 3520 epistola,
573 3459 629 3498 nec
641 3439 745 3497 minus
760 3457 831 3497 cum
844 3438 911 3519 ipso
927 3436 1075 3511 Horatio,
1091 3450 1123 3496 et
1139 3438 1189 3498 vel

132 3537 226 3595 etiam
240 3555 313 3594 cum
328 3535 415 3594 bono
428 3534 573 3615 claroque
589 3536 711 3594 Nerone
727 3533 880 3613 percoluit
882 3575 1189 3594 ................

173 3633 257 3692 Vixit
276 3631 386 3691 Florus
405 3642 485 3691 certe
504 3629 665 3711 aliquanto
680 3628 762 3689 ultra
777 3641 898 3712 tempus
917 3629 1011 3690 cladis
1025 3630 1190 3707 Varianae,

133 3732 172 3792 ad
194 3751 290 3812 quam
311 3751 329 3788 a
350 3726 544 3811 Philippensi
565 3749 688 3809 pugna,
710 3727 806 3785 natali
828 3725 892 3806 ejus
900 3736 913 3802 ,¹
927 3739 962 3786 ut
982 3725 1190 3803 crediderim,

130 3845 284 3912 tempore,
295 3825 522 3908 quinquaginta
534 3825 610 3884 anni
620 3836 851 3905 computantur.
862 3826 967 3904 Neque
977 3845 1050 3883 vero
1061 3826 1191 3907 insuper

132 3947 260 4011 prorsus
272 3923 442 3984 absurdum
454 3923 493 3980 sit
504 3934 626 4003 putare,
640 3921 769 3980 Florum
781 3921 886 3995 illum,
897 3921 1008 4001 dequo
1019 3920 1063 3980 M.
1075 3924 1191 3995 Seneca

137 4025 285 4089 Controv.
304 4022 340 4081 25
357 4019 507 4100 loquitur,
527 4017 626 4076 filium
646 4019 747 4076 Nostri
766 4016 875 4091 fuisse,
889 4037 981 4097 quem
999 4019 1191 4099 percipimus
1220 4066 1222 4069 -
