2640 4808
276 424 586 490 rasamenta
608 424 671 488 ar
692 425 904 491 rumara
1078 455 1116 519 19

58 555 155 613 simus
167 549 380 630 Schoetgenins
392 549 563 609 adnotavit
577 549 729 609 Caeterum
740 550 774 609 in
784 551 968 632 castigandis
980 557 1116 635 antiquis

60 648 264 730 scriptoribus
280 667 317 706 ex
333 647 531 726 aequiorum,
547 645 642 705 verba
660 666 771 706 eorum
786 644 852 727 jam
872 647 1117 728 damnantium,

57 745 121 828 jam
141 744 404 828 interpolantium
424 744 625 819 testimoniis,
641 745 760 804 cautius
781 744 938 826 agendum
958 769 1021 809 esse
1038 751 1117 812 bene

61 857 169 904 monet
179 846 336 927 llnpertus
346 843 386 903 ad
396 841 540 917 Florum,
550 864 581 926 p.
594 845 664 918 108,
674 842 730 902 ubi
741 842 781 903 de
791 845 810 902 J
812 844 962 906 ornanda.
974 846 1117 924 Florum,

60 955 246 1024 perpetuum
262 940 385 1002 Horatii
400 941 589 1000 imitatorem
606 940 750 1000 observat
767 941 908 1003 Rosellus
924 944 1066 1007 llaumon
1084 948 1117 1007 in

60 1039 198 1101 Massoni
210 1040 292 1100 Hist.
305 1039 409 1100 critica
420 1039 474 1099 Rei
485 1039 599 1099 literar.
611 1053 634 1098 t
649 1039 730 1114 xlv,
745 1061 775 1121 p.
790 1059 857 1100 aaa.

399 1274 470 1336 FR.
496 1271 589 1336 NIC.
614 1270 776 1351 TITZE,

300 1470 336 1510 nt
359 1468 638 1511 PROLEGOMENIS
659 1471 703 1510 An
723 1470 874 1512 EORUM.

99 1623 183 1682 Dum
198 1620 329 1679 Florum
344 1619 556 1701 qualicunque
570 1641 665 1701 opera
679 1641 747 1680 mea
764 1622 949 1682 recensitum
966 1623 999 1681 in
1016 1622 1116 1685 lucem

60 1721 136 1795 edo,
158 1720 289 1779 minime
308 1719 369 1778 fert
389 1719 529 1792 animus,
549 1720 702 1792 recinere,
724 1739 794 1800 quoe
815 1717 854 1777 de
872 1717 965 1799 hujus
987 1724 1117 1782 auctoris

61 1831 164 1892 atate,
180 1817 345 1898 operisque
360 1814 518 1890 historici,
535 1816 622 1896 qnod
641 1815 697 1876 sub
717 1813 782 1895 ejus
800 1818 930 1876 nomine
948 1816 1117 1896 habemus,

63 1917 188 1997 antiqua
201 1929 233 1975 et
247 1937 320 1975 vera
335 1915 602 1989 conforrnatione,
615 1914 833 1991 Quaestionum
848 1915 962 1990 Lincii,
979 1937 1006 1974 a.
1024 1917 1116 1993 1804,

62 2015 214 2075 editarum
232 2014 318 2075 libris
333 2014 432 2073 tribus
445 2015 535 2094 quasi
551 2012 731 2096 prolusoriis
749 2034 767 2072 a
783 2032 833 2072 me
848 2024 982 2086 tentata,
995 2016 1117 2075 critico-

62 2132 192 2223 rumque
207 2133 345 2173 censuras
361 2133 397 2173 ac
411 2111 529 2193 judicio
541 2113 678 2193 exposita
692 2122 773 2170 sunt.
785 2156 792 2170 .
804 2155 812 2170 .
824 2154 831 2170 .
844 2113 961 2172 Tamen
975 2125 1007 2172 et
1021 2111 1118 2174 isthac

63 2211 147 2290 qnasi
164 2209 384 2271 Ialmductione
402 2209 442 2269 ad
456 2210 551 2269 crisin
568 2209 667 2268 nostri
683 2212 832 2284 auctoris,
848 2211 955 2291 paucis
972 2211 1117 2291 quidem,

62 2327 182 2382 verum,
190 2319 227 2367 ut
235 2327 294 2387 ego
304 2310 416 2381 sentio,
428 2327 491 2366 non
502 2305 679 2365 infelicibus
690 2306 975 2382 observationibus,
987 2306 1024 2367 de
1034 2330 1117 2434 penu

63 2407 206 2466 interiore
218 2404 335 2479 allatis,
351 2403 565 2485 adjuvandum
576 2405 650 2463 duxi
652 2446 1117 2466 ........................

98 2503 140 2562 Ac
153 2501 259 2562 forma
272 2503 403 2582 quidem
416 2502 513 2562 totius
528 2502 645 2583 operis,
664 2522 701 2560 eo
720 2499 874 2560 consilio
866 2502 1015 2576 instituti,
1033 2516 1068 2561 ut
1084 2505 1117 2561 in

63 2601 144 2661 brevi
154 2600 245 2682 quasi
255 2599 370 2659 tabella
382 2613 448 2659 tota
459 2598 569 2680 populi
578 2600 729 2673 Romani,
740 2598 1009 2678 septingentorum
1020 2621 1118 2662 anno·

62 2716 128 2758 rum
146 2699 250 2780 spatio
272 2719 328 2780 per
345 2696 428 2756 bella
448 2713 480 2755 et
500 2716 588 2778 paces
609 2697 649 2755 ad
669 2696 847 2755 universam
866 2698 1116 2777 magnitudinem

62 2818 144 2857 suam
163 2797 277 2871 evecti,
295 2797 401 2876 imago
420 2794 586 2854 lectoribus
602 2795 767 2869 sisteretur,
779 2808 864 2877 patet
880 2815 917 2853 ex
933 2795 1001 2875 ipso
1017 2798 1117 2878 operis

62 2914 130 2955 vero
142 2893 317 2976 prooemio,
333 2905 368 2953 ut
382 2891 461 2951 illud
473 2891 522 2951 hic
535 2892 687 2951 sistimus:
705 2890 785 2951 sicut
799 2912 856 2973 per
872 2903 976 2951 aetates
988 2891 1116 2954 harum-
1181 2970 1184 2977 Ι

61 3012 117 3073 qne
131 3003 233 3073 partes
244 2989 327 3049 facta
343 2991 413 3048 vitae
428 3010 463 3063 ac
476 2987 612 3049 historiae
624 2988 733 3071 populi
749 2989 883 3049 Romani
901 2988 1011 3048 divisio
1029 2992 1116 3051 certis

60 3088 245 3170 quibusdam
255 3088 321 3149 aliis
332 3087 605 3163 interfatiuncnlis,
616 3109 687 3148 cum
698 3102 877 3170 temporum
887 3088 1051 3148 notatione
1061 3090 1116 3149 ad-

60 3183 162 3246 hibitis
175 3187 217 3246 ab
234 3198 375 3260 anctme,
388 3186 466 3267 aptis
481 3185 558 3245 locis
574 3185 814 3245 demonstratur.
826 3222 834 3244 t
846 3228 854 3244 .
866 3229 874 3245 .
886 3185 999 3244 Divisit
1011 3185 1116 3267 itaque

59 3298 166 3345 auctor
185 3306 264 3367 opus
280 3304 373 3345 suum
392 3285 427 3343 in
444 3297 504 3344 tres
521 3285 630 3366 populi
642 3285 776 3344 Romani
792 3296 908 3344 aetates:
928 3282 1113 3360 infantiam,

58 3381 311 3456 adolescentiam,
323 3394 353 3440 et
362 3380 532 3462 juventam.
542 3383 710 3441 Juventam
719 3381 752 3439 in
763 3381 827 3440 duo
839 3380 950 3441 saecula
961 3382 1114 3463 supparti·

59 3492 104 3539 tus
115 3491 175 3555 est,
187 3480 301 3562 quibus
316 3491 473 3561 postremo
486 3477 633 3538 saeculum
645 3480 837 3559 Augusteum
848 3491 1009 3557 tamquam
1022 3498 1113 3537 coro·

59 3577 161 3638 uidem
176 3576 297 3659 adjecit.
319 3576 375 3637 Illa
392 3597 465 3636 vero
480 3574 546 3657 jam
565 3578 667 3659 operis
685 3578 786 3637 nostri
806 3577 839 3636 in
859 3590 996 3659 quatuor
1016 3575 1113 3635 libros

58 3689 177 3758 recepta
188 3676 317 3751 divisio,
329 3695 398 3756 quae
409 3696 481 3734 cum
497 3673 655 3734 codicibus
670 3673 710 3734 ad
725 3696 783 3735 nos
800 3675 956 3755 pervenit,
969 3672 1112 3754 profecto

59 3792 121 3833 non
139 3775 278 3848 auctori,
297 3773 384 3853 quod
400 3775 499 3834 ausim
518 3772 692 3849 affirmare,
710 3774 762 3834 sed
779 3775 900 3833 serioris
915 3773 1062 3854 temporis
1075 3771 1112 3830 li-

58 3869 162 3932 brariis
177 3873 334 3954 originem
350 3892 439 3931 suam
455 3870 546 3931 debet
547 3912 1110 3933 .............................

94 3970 208 4030 Errant
226 3983 333 4030 autem
351 3968 459 4044 valde,
478 3971 532 4048 qui
551 3970 763 4050 quorumdam
779 3969 896 4050 judicio
917 3969 1053 4042 inducti,
1077 3968 1111 4024 in

57 4066 147 4128 Floro
162 4085 229 4130 nort
241 4068 303 4128 nisi
315 4087 488 4148 praeconem
502 4088 555 4127 seu
570 4066 763 4129 laudatorem
778 4066 888 4150 populi
902 4068 1036 4128 Romani
1048 4085 1110 4125 cer·

960 4182 982 4214 2.
