2640 4808
131 378 172 442 ad
347 418 350 423 -
535 376 598 440 DE
621 375 783 442 FLORO

129 499 390 584 septemtrionalis
417 500 593 560 Germaniae
620 501 766 562 notitiam
791 500 926 584 prodat3
954 522 1106 584 quorsum
1135 503 1190 565 illa

127 612 308 683 temporum
315 617 445 658 suorum
452 617 695 680 nonnumquam
702 597 861 681 interjecta
867 597 1053 680 significatio
1062 613 1191 682 spectem

128 715 225 777 quare
242 695 387 775 inprimis
406 694 441 753 in
461 693 555 754 rebus
576 695 707 776 Augusti
728 697 860 756 externis
877 707 943 756 tam
962 716 1041 778 saepe
1056 717 1191 779 praesens

128 791 297 854 verborum
308 802 432 872 tempus
444 805 590 873 usurpet,
604 813 662 852 aec
678 790 863 853 chronicum
881 793 915 857 in
931 792 993 853 illis
1007 795 1190 871 narrandis,

81 940 83 944 ,
128 887 182 948 aad
201 886 314 953 muudi
335 887 501 969 plagarum
526 900 556 948 et
575 888 770 971 populorum
792 888 936 956 ordinem
958 902 1098 968 secutus,
1124 905 1191 953 torn

128 985 258 1046 strictim
275 997 387 1046 cuneta
403 997 582 1067 pereurratt
600 984 669 1048 lraec
678 1000 715 1059 ,et
724 986 803 1064 alia,
822 986 861 1048 de
878 987 993 1069 quillus
1011 988 1190 1069 sigillatim,

128 1094 165 1144 ut
176 1095 207 1149 et
218 1081 257 1143 ds
268 1084 357 1142 omni
368 1095 468 1151 textus
481 1084 675 1159 recensione,
684 1084 720 1144 iu
727 1085 812 1145 notia
820 1085 931 1146 criticis
940 1082 1034 1167 hujus
1044 1085 1192 1147 editionis

129 1181 279 1256 diximus,
296 1182 415 1247 mirum
430 1183 464 1241 in
480 1181 622 1242 modum·
630 1182 698 1262 jam
713 1184 859 1245 universa
874 1183 1079 1249 illustrantur.
1095 1185 1191 1263 Quod

130 1298 203 1338 vero
216 1277 256 1338 do
267 1274 358 1339 obitu
374 1280 504 1361 Augusti
516 1279 628 1343 Florus
642 1296 750 1342 noster
765 1282 800 1340 in
814 1280 880 1342 fine
891 1283 996 1363 operis
1008 1281 1090 1345 nihil
1102 1302 1190 1344 oom-

129 1375 345 1450 memorat„id
357 1377 461 1458 ipsum
473 1389 660 1457 argumento
673 1390 732 1453 est,
747 1391 907 1440 auctorem
920 1377 1029 1461 paullo
1046 1394 1118 1461 post
1128 1381 1190 1440 Va·

130 1475 252 1534 rlauam
262 1474 384 1535 cladem
396 1487 469 1535 ante
480 1475 654 1556 Augustum
668 1477 766 1537 vitam
777 1475 901 1537 finiisse.

166 1857 457 1932 TESTIMONIA
477 1859 822 1931 RECENTlORUM
843 1858 1151 1932 SCRIPTORUM

279 2075 280 2081 ’
331 2067 507 2125 GALLICO
524 2068 712 2127 SERMONE
731 2066 988 2123 couscnlr‘ru.

595 2281 731 2301 ινα-οη·-

563 2443 763 2524 ROLLIN,

179 2652 180 2657 ,
206 2621 349 2669 msrolnn
366 2622 535 2679 ANClENNE,
551 2623 712 2669 suerrum
728 2624 782 2668 DES
798 2622 980 2671 msroluuus
997 2622 1116 2671 burrus».

173 2751 225 2810 On
243 2752 323 2811 croit
340 2773 402 2834 que
414 2752 525 2813 Florus
540 2754 672 2836 pouvait
689 2755 752 2816 dtre
771 2752 948 2837 llspagnol,
967 2752 1054 2813 dela
1072 2752 1192 2813 familie

133 2848 186 2911 des
198 2847 349 2932 Sdnd'que,
361 2863 392 2911 et
404 2854 494 2912 avoir
504 2851 543 2912 au
555 2851 598 2912 les
611 2874 705 2914 noms
717 2853 755 2914 de
768 2856 804 2912 L.
816 2854 950 2912 Aurum
964 2851 1080 2911 Sauum
1092 2871 1151 2932 par
1161 2849 1191 2910 la

132 2949 310 3024 nalssauce,
325 2961 356 3010 et
371 2949 411 3010 de
426 2952 461 3013 L.
474 2952 584 3012 Juarus
598 2952 720 3012 Faenus
735 2971 794 3036 par
810 2949 973 3031 adoption.
991 2950 1077 3008 Nous
1094 2968 1193 3007 avons

133 3047 228 3108 delui
244 3070 290 3108 uu
303 3049 424 3132 Abregd
439 3049 477 3110 de
492 3049 649 3110 l'Histoire
660 3049 820 3123 romalne,
832 3068 873 3109 eu
891 3057 998 3128 quatre
1013 3045 1124 3121 livres,
1138 3045 1193 3105 de·

133 3145 203 3226 puis
227 3144 258 3203 le
281 3143 375 3226 rdgne
399 3146 438 3206 de
460 3146 612 3206 Romulus
629 3145 778 3229 jusqu‘au
801 3157 902 3226 temps
925 3143 1110 3223 d’Auguste,
1136 3143 1193 3223 qui

133 3245 236 3324 paralt
251 3244 326 3302 derit
344 3264 415 3304 sous
431 3243 556 3325 Trajan.
576 3244 601 3304 ll
619 3243 669 3304 n’a
686 3244 780 3326 point
796 3243 826 3304 le
844 3241 952 3303 delaut
965 3239 1123 3302 ordinaire
1138 3240 1193 3300 des

134 3336 278 3420 abregds,
299 3341 391 3402 d’Atre
411 3362 476 3418 sec,
501 3341 656 3403 decharne
677 3356 707 3403 et
728 3363 903 3424 enuuyeux.
923 3343 967 3399 Le
984 3337 1063 3420 style
1087 3358 1127 3397 en
1148 3351 1194 3398 est

134 3436 274 3519 elegant,
289 3439 449 3521 agudable,
468 3452 498 3500 et
515 3440 594 3500 tient
609 3440 743 3523 quelque
761 3439 854 3500 chose
869 3437 907 3499 de
925 3435 957 3497 la
971 3437 1102 3496 vivacitd
1119 3438 1194 3517 poe-

134 3537 228 3624 tique.
245 3536 325 3596 Mais
342 3557 386 3598 on
397 3559 418 3620 y
429 3551 541 3620 trouve
556 3559 596 3599 en
613 3537 762 3623 quelques
776 3537 914 3597 endroits
929 3548 1000 3616 trop
1017 3531 1194 3615 d'emphase

135 3633 218 3693 etde
232 3654 364 3718 pompe,
376 3647 406 3694 et
420 3633 616 3717 quelquelois
627 3636 728 3696 meme
740 3635 778 3695 de
789 3633 937 3694 l'enllure.
955 3634 997 3692 Ce
1011 3631 1087 3691 n’est
1102 3630 1194 3715 point

135 3753 180 3792 un
198 3721 311 3813 abrdge·
321 3731 360 3792 de
369 3733 438 3792 Tite
454 3733 546 3808 Live,
561 3753 635 3793 avec
646 3733 701 3816 qui
715 3743 848 3792 souvent
864 3730 887 3790 ll
903 3753 943 3790 ne
959 3729 1110 3790 s’aocorde
1126 3749 1193 3808 pas.

136 3831 221 3889 Nous
241 3849 338 3889 avons
359 3827 429 3911 ddja
447 3828 494 3888 dit
513 3828 609 3910 qu'on
628 3830 739 3905 doute,
759 3830 830 3890 aree
848 3827 1049 3902 loudement,
1068 3846 1130 3907 que
1149 3826 1193 3885 les

136 3929 271 4009 Epitome
294 3946 336 3986 ou
353 3928 534 3987 sommaires
553 3927 606 4008 qui
628 3940 698 3988 sont
719 3929 737 3986 A
757 3925 787 3986 la
808 3928 868 3986 tete
888 3925 940 3985 des
960 3925 1050 3984 livres
1070 3923 1108 3982 de
1123 3924 1191 3982 Tite

137 4026 212 4084 laive
221 4037 234 4099 ,'
243 4025 342 4084 soient
355 4024 393 4084 de
407 4023 526 4084 Florus.
