2640 4808
133 406 1176 441 “mmmmmvumwnmmuuwkummvwwwsmmwu

526 559 804 726 ruorx'

281 958 284 963 .
464 890 846 984 EDITIONUM

198 1135 291 1292 L:
329 1100 719 1355 ANNAEI
765 1110 1109 1298 *rtour

266 1680 331 1755 ET
354 1682 406 1759 IN
429 1681 528 1757 SEX
548 1680 759 1760 AETATES
780 1683 1045 1762 DIGESTUS.

531 1931 535 1936 '
560 1925 750 1951 ψ

349 2113 467 2180 AETAS
491 2117 506 2177 1
529 2112 730 2180 NATALIS
756 2115 954 2204 ¹47⁰·1518·
1006 2114 1009 2120 ’

128 2292 211 2350 luter
229 2288 316 2371 cujus
333 2290 489 2374 principes
506 2304 578 2351 sunt
596 2305 708 2375 praeter
727 2291 830 2370 illam,
852 2292 987 2352 Grutero
1008 2303 1039 2351 et
1053 2292 1183 2352 Dukero

246 2389 445 2472 primariam,
465 2391 646 2450 Parisiensis
661 2412 679 2451 a
693 2391 773 2450 Rob.
791 2390 938 2472 Gaguino
955 2390 1054 2467 edita,
1073 2402 1105 2451 et
1119 2393 1183 2452 Ro·

246 2508 350 2548 mana.
363 2490 526 2549 Curatores
539 2487 632 2570 hujus
644 2489 742 2549 aetatis
755 2490 893 2549 exstitere
909 2490 952 2549 M.
969 2489 1040 2549 Aut.
1055 2489 1184 2550 Sabelli-

246 2606 316 2659 cus,
338 2584 418 2645 Phil.
439 2585 607 2646 Beroaldus
631 2587 744 2662 senior‚
766 2588 816 2648 Jo.
839 2587 1048 2671 Cuspinienus
1067 2601 1100 2648 et
1117 2586 1182 2648 Ult.

246 2682 375 2741 Hutten.

128 2822 136 2839 .
148 2821 155 2838 .
167 2824 175 2839 .
187 2822 194 2839 .
206 2825 214 2838 .
228 2781 341 2839 .Paris.
352 2783 380 2855 1,
391 2779 465 2856 iuli.
476 2783 542 2841 siue
551 2782 701 2865 temporis
710 2795 800 2843 nota:
814 2784 911 2842 «Luc.
920 2783 1001 2842 Anu.
1012 2782 1098 2844 Flori
1107 2784 1182 2865 Epi-

248 2903 262 2935 ιι
271 2892 365 2940 tomae
378 2879 416 2939 de
431 2881 466 2940 T.
481 2881 571 2941 Livio
587 2882 660 2941 libri
676 2894 811 2963 quatuor
825 2881 967 2954 (Parisiis
981 2882 1015 2940 in
1031 2880 1183 2941 Sorbonae

248 3003 262 3034 ιι
272 2978 368 3039 domo
380 2979 419 3039 ab
432 2979 536 3040 Ulrico
550 2982 674 3061 Gerinq,
687 2979 823 3038 Martino
837 2979 956 3054 Crants,
968 2991 998 3038 et
1006 2978 1101 3040 Mich.
1114 2980 1182 3039 Fri-

247 3077 396 3158 «burget,
416 3079 497 3139 circa
515 3101 542 3137 a.
563 3077 666 3160 1470).
677 3103 691 3135 u
709 3077 821 3136 Editor
840 3089 884 3137 est
899 3078 1026 3139 Robert.
1042 3079 1181 3160 (loquio,

245 3172 360 3232 ordinis
371 3175 611 3234 Trinitariorum
623 3187 712 3257 pater
728 3172 888 3254 generalis.

125 3313 231 3329 ......
243 3271 309 3328 sine
329 3269 399 3330 loco
423 3283 574 3346 stanno,
600 3270 732 3331 Gothico
755 3268 850 3333 simili
870 3269 1060 3345 charactere,
1083 3291 1182 3352 quam

246 3366 395 3426 Gruterus
413 3368 586 3450 principem
602 3367 693 3445 dicit,
711 3366 855 3427 Dukerus
873 3367 1017 3428 omnium
1034 3368 1184 3450 antiqua·

244 3484 317 3525 rum
333 3465 486 3548 optimam
501 3466 626 3551 reperit.

125 3604 231 3622 ......
242 3562 309 3622 sine
324 3561 395 3623 loco
412 3576 443 3624 et
458 3585 554 3625 anno.

128 3658 202 3742 1472
243 3664 327 3722 Rom.
345 3661 402 3722 fol.
421 3684 477 3745 per
495 3661 746 3745 Sweynhemium
765 3674 796 3723 et
813 3663 1038 3736 Pannonium,
1054 3659 1182 3742 junctus

244 3759 378 3819 Justino.
914 3774 916 3779 '

36 3901 43 3910 .
127 3850 203 3928 1480
241 3857 397 3937 Lipsiensis
406 3854 419 3912 Ι
429 3878 436 3914 :
447 3856 536 3915 Lucii
547 3854 632 3915 Flori
641 3854 851 3938 Epithomata.
863 3889 902 3900 -
911 3855 948 3912 In
957 3853 1056 3914 calce:
1072 3877 1087 3908 ιι
1096 3854 1132 3913 L.
1144 3856 1181 3917 A.

246 3977 260 4008 ιι
269 3952 355 4013 Flori
372 3951 544 4035 Epithoma
564 3953 624 4014 hoc
645 3954 845 4015 emendatum
860 3952 1014 4013 fridianus
1029 3951 1181 4035 pighinu-

245 4075 259 4106 ιι
268 4052 329 4111 tius
344 4052 490 4114 Lucensis
506 4064 536 4113 et
550 4054 605 4113 lvo
622 4054 747 4134 Vittigis
762 4072 812 4114 ere
826 4050 1036 4135 premendum
1052 4043 1181 4114 curave-
