2640 4808
267 413 579 479 TESTIMONIA
601 415 663 478 ET
685 414 896 478 JUDIGIA.
1069 438 1106 502 ¹7

45 541 103 622 qui
115 561 134 600 s
146 537 294 598 studiosis
306 537 554 598 adolescentibus
565 537 696 618 legatur,
709 552 740 599 et
750 539 788 598 iis
805 537 970 618 diligenter
981 549 1010 598 et
1022 559 1108 598 accu-

48 653 112 698 rate
127 649 315 720 exponatur.
1045 640 1049 645 ’

386 826 417 889 J.
442 827 480 888 A.
503 822 771 901 FABRICIUS,

142 1005 182 1044 ru
204 1000 452 1045 immorarer
472 1003 617 1057 narina,
639 1002 712 1042 car.
735 1003 849 1057 xxrrr,
870 985 900 1064 S.
923 1004 1016 1044 1-111.

88 1137 124 1195 1.
141 1134 255 1194 Annaei
266 1132 354 1193 Flori
370 1134 471 1215 patria
487 1153 554 1193 non
572 1135 643 1192 satis
660 1146 742 1192 certa
759 1145 813 1192 est.
826 1134 1012 1215 Hispanum‘
1019 1132 1112 1197 fuisse

52 1231 193 1295 defendit
205 1233 272 1291 Nic.
288 1232 444 1292 Antonius
455 1230 535 1291 Bibl.
549 1232 638 1313 Hisp.
651 1241 710 1291 vet.
722 1243 744 1290 t.
757 1229 788 1305 l,
805 1253 837 1313 p.
854 1252 909 1313 79,
924 1252 988 1313 quo
1003 1235 1036 1294 et'
1048 1234 1112 1316 ple·

53 1331 140 1410 rique
151 1327 326 1389 inclinant:
340 1329 394 1408 qui
407 1341 437 1388 et
448 1328 529 1388 forte
545 1349 580 1387 ex
595 1329 781 1388 Senecarum
797 1340 888 1410 gente
905 1329 999 1390 fuisse
1014 1333 1113 1414 suspi-

54 1439 172 1488 cantur.
184 1426 248 1508 [Sed
265 1448 324 1509 pro
343 1425 462 1488 Gallica
479 1427 601 1508 origine
621 1426 782 1510 disputant
798 1425 899 1487 multo
915 1429 1112 1510 probabilius

55 1538 192 1585 auctores
206 1524 287 1585 Hist.
299 1524 379 1585 liter.
391 1526 500 1585 Franc.
512 1537 535 1584 t.
548 1525 579 1599 I,
597 1547 626 1608 p.
646 1526 721 1601 255,
737 1527 793 1606 qui
810 1547 902 1608 super
918 1525 976 1587 hac
991 1548 1024 1587 re
1040 1541 1114 1588 sunt

56 1622 199 1683 adeundi.
226 1624 264 1684 In
291 1623 480 1704 quibusdam
503 1621 601 1682 Codd.
625 1625 659 1683 L.
680 1621 774 1684 Julius
792 1623 912 1700 Florus,
932 1627 966 1685 iu
986 1625 1054 1686 aliis
1076 1630 1111 1686 L.

56 1722 185 1782 Annaeus
202 1719 328 1795 dicitur,
341 1720 380 1780 de
399 1741 462 1801 quo
481 1719 553 1780 vide
565 1721 711 1783 Vossium
728 1721 765 1780 de
781 1723 862 1782 Hist.
879 1723 980 1783 Latin.
998 1746 1028 1805 p.
1046 1723 1112 1800 164.

56 1815 366 1878 Hicholaterranus
374 1838 446 1877 eum
453 1817 576 1899 putavit
586 1817 775 1877 esseJulium
783 1817 912 1877 Florum
920 1821 1112 1897 Secundum,

57 1916 107 1997 qui
118 1915 161 1976 ol>
173 1914 391 1998 eloquentiam
401 1915 549 1975 laudatur
561 1936 579 1974 a
589 1914 805 1991 Quinctiliano
817 1919 862 1991 X,
879 1918 931 1992 13,
944 1920 998 1998 qui
1014 1931 1044 1977 et
1058 1941 1112 2001 pa-

56 2025 160 2074 truum
178 2008 246 2093 ejus
262 2012 385 2072 dulium
400 2011 529 2071 Florum
546 2022 782 2073 commemorat.
799 2012 883 2072 Elias
894 2015 1024 2074 Vinctus
1040 2036 1112 2075 vero

58 2111 94 2172 ad
103 2112 281 2172 Ausonium
291 2122 322 2171 et
332 2111 424 2173 Andr.
437 2110 579 2173 Schottus
590 2112 629 2171 ad
639 2110 798 2171 Aurelium
805 2113 974 2189 Victorem,
983 2134 1050 2174 non
1061 2114 1114 2173 du·

56 2208 155 2273 bitant
171 2208 363 2269 breviarium
383 2207 444 2269 hoc
462 2209 598 2268 tribuere
617 2209 652 2269 L.
666 2210 784 2269 Annaeo
803 2210 941 2286 Seneca,
960 2212 1114 2272 Lactantii

58 2306 255 2380 auctoritate,
271 2315 309 2365 ut
321 2304 454 2381 videtur,
467 2306 521 2387 qui
533 2305 608 2382 VII,
625 2307 677 2381 15,
693 2305 748 2366 ubi
765 2305 853 2366 Flori
872 2309 1058 2368 sententiam
1075 2309 1114 2370 de

59 2403 197 2465 autibus
206 2400 318 2485 populi
327 2403 460 2461 Romani
470 2402 584 2463 referre
593 2403 725 2478 videtur,
735 2404 882 2465 Senecam
892 2403 1000 2464 laudat
1009 2417 1115 2465 aucto-

59 2520 128 2560 rem.
145 2499 205 2560 Sed
216 2519 285 2558 non
297 2497 390 2581 plane
400 2500 496 2559 verba
512 2501 656 2560 breviarii
674 2500 816 2576 adducit,
832 2522 934 2582 neque
950 2501 1027 2561 adeo
1045 2524 1115 2562 sen·

59 2599 184 2658 tentiam
197 2608 351 2672 accurate3
364 2610 456 2680 atque
468 2599 552 2658 idem
561 2598 610 2658 vel
621 2598 719 2658 simile
730 2600 834 2681 potuit
845 2601 939 2660 etiam
949 2602 1069 2661 Senecae
1079 2602 1114 2661 iu

59 2711 191 2758 mentem
202 2697 319 2757 venire.
330 2698 451 2756 Rectius
463 2698 567 2779 itaque
577 2698 705 2759 Vossius
722 2719 796 2757 cum
807 2697 956 2758 Salmasio
969 2699 1114 2759 eumdem

59 2814 116 2854 esse
128 2795 282 2855 existimat
292 2793 439 2869 Florum,
454 2795 508 2875 qui
523 2797 558 2855 in
572 2796 657 2878 epist.
674 2797 714 2856 ad
728 2796 926 2856 Hadrianum
937 2797 1012 2879 imp.
1029 2797 1113 2879 apud

60 2889 229 2953 charisium
242 2893 303 2967 ait,
319 2912 351 2952 se
364 2893 516 2974 poematis
533 2891 693 2969 delectari,
712 2907 742 2952 et
761 2891 847 2974 cujus
865 2894 898 2953 in
916 2894 1113 2955 Hadrianum

59 2989 222 3051 versiculos
243 2988 337 3048 refert
356 2990 546 3071 Spartianus.
568 2991 655 3051 Idem
673 2991 799 3051 Vossius
819 2990 948 3050 Florum
968 3004 1113 3052 nostrum

59 3087 228 3170 suspicatur
255 3098 414 3147 auctorem
437 3088 580 3164 Octavia,
604 3108 674 3170 quae
698 3089 778 3148 inter
803 3087 921 3148 Senecae
944 3089 1113 3170 tragoedias

58 3183 164 3245 ultima
180 3195 234 3244 est.
253 3184 357 3246 Etiam
372 3186 570 3267 pervigilium
582 3187 726 3263 Veneris,
743 3197 773 3246 et
787 3206 894 3247 versus
907 3186 1058 3248 trochaici
1075 3189 1114 3249 de

59 3281 204 3362 qualitate
219 3281 308 3357 vitae,
327 3282 384 3342 sub
404 3283 490 3343 Flori
506 3285 635 3344 nomine
654 3283 924 3360 circumferuntur,
939 3285 978 3346 de
997 3287 1112 3368 quibus

60 3376 174 3440 dicetur
184 3378 268 3440 libro
280 3380 333 3440 IV.
347 3379 432 3440 Alius
450 3380 548 3442 Julius
564 3380 677 3457 Florus,
695 3381 819 3442 auditor
835 3383 938 3443 Porcii
951 3387 1111 3462 Latronis,

59 3475 229 3539 Galliarum
241 3477 299 3537 sub
310 3477 427 3539 Tiberii
444 3479 576 3561 imperio
591 3482 625 3540 in
641 3480 820 3562 eloquentia
831 3483 966 3563 primus,
979 3484 1034 3564 qui
1045 3484 1113 3545 lau-

58 3573 146 3636 datur
155 3596 174 3634 a
183 3575 299 3634 Seneca
307 3573 430 3635 rhetore
437 3588 468 3635 et
474 3576 794 3654 Quinctiliano.Alius
801 3576 905 3639 Florus
912 3581 969 3641 sub
976 3582 1112 3658 Nerone,

58 3672 166 3756 dequo
180 3673 330 3734 Arrianus
342 3674 421 3734 Diss.
437 3676 617 3757 Epictetear.
629 3674 684 3737 lib.
697 3677 729 3752 1,
741 3697 768 3736 c.
782 3697 815 3752 2,
828 3670 884 3737 etc.
896 3679 1000 3738 Etiam
1011 3677 1112 3740 Florus

58 3770 179 3852 quidam
191 3770 325 3854 loquens
342 3771 500 3833 inducitur
512 3796 530 3833 a
547 3773 714 3835 Plutarcho
728 3776 869 3857 Sympos.
880 3777 970 3852 VIII,
988 3799 999 3836 1
1016 3791 1047 3838 et
1065 3799 1110 3838 ro.

57 3867 206 3931 Dicebant
224 3880 331 3949 autem
347 3883 462 3932 veteres
470 3872 566 3955 flomr
581 3894 639 3956 pro
648 3873 782 3958 florido,
798 3888 833 3934 ut
852 3873 905 3934 alii
923 3874 1035 3936 colorus
1050 3896 1110 3957 pro

56 3964 188 4027 colorato.
197 3966 278 4027 Vide
290 3967 376 4026 Voss.
391 3967 429 4027 de
442 3969 523 4029 vitiis
539 3972 703 4047 sermonis,
719 3992 790 4054 pag.
809 3972 860 4032 131
874 3970 946 4033 edit.
957 3993 1062 4050 novae,
1080 3984 1111 4030 et

57 4063 157 4126 llum.
168 4061 209 4126 ad
221 4063 372 4142 Quinctil.
386 4086 416 4149 p.
428 4066 497 4146 993.

968 4184 982 4218 2
