2640 4808
200 367 218 430 1
399 325 406 336 ’
540 360 850 433 'bariono

198 487 284 548 Flori
296 509 363 547 non
374 504 418 547 est
430 489 475 547 ibi
487 489 618 548 mentio.
631 487 739 564 Quum
750 490 784 549 in
801 487 984 569 hujusmodi
998 491 1117 550 codices
1130 492 1256 552 incidis·

199 600 243 647 set
254 580 433 646 Lacta'ntius
444 587 637 662 Firmianus,
652 601 683 646 et
694 590 817 648 Lucium
827 601 951 648 tantum
961 589 1109 648 Annaeum
1119 587 1254 670 legisset,

198 684 303 745 statim
329 683 474 744 Senecam
500 685 665 764 cogitavit,
687 685 773 765 quod
796 683 952 746 notiorem
977 706 1014 746 eo
1041 687 1172 746 Lucium
1193 689 1255 747 An·

199 801 304 841 naeum
317 780 414 841 alium
427 803 494 842 non
509 782 651 859 baberet,
664 797 695 843 et
709 787 752 843 ita
770 784 952 865 imprudens
971 806 1085 845 nomen
1105 788 1256 861 auctoris,

200 900 294 960 quem
311 877 443 954 citabat,
460 873 543 941 male
559 883 702 963 concepit
713 883 761 941 vir
776 884 970 943 doctissimus
986 896 1016 942 et
1028 883 1256 944 disertissimus.

200 977 250 1036 llli
269 980 353 1037 enim
373 963 443 1038 mea
456 979 584 1058 quidem
601 981 752 1038 sententia
767 1001 833 1040 non
850 979 959 1039 leviter
977 994 1097 1056 errant,
1116 982 1170 1062 qui
1190 1002 1257 1041 non

199 1075 284 1136 hunc
297 1088 454 1136 auctorem
469 1088 628 1152 nostrum,
642 1076 694 1136 sed
707 1078 851 1141 Senecam
867 1078 1004 1158 primum
1020 1079 1052 1136 in
1066 1078 1103 1136 iis
1119 1078 1257 1159 scriptis,

201 1196 270 1254 quae
284 1176 323 1235 ad
339 1197 397 1237 nos
413 1197 479 1235 non
493 1178 705 1257 pervenerint,
724 1175 805 1236 hanc
816 1178 965 1236 Romanae
977 1176 1063 1235 urbis
1078 1188 1257 1257 temporum

201 1276 234 1334 in
249 1288 351 1335 aetates
365 1276 618 1336 distributionem
633 1277 799 1337 instituisse
815 1277 1027 1349 contendunt3
1044 1297 1143 1357 neque
1160 1275 1258 1336 alium

200 1375 234 1433 in
251 1377 413 1434 Lactantio
431 1377 542 1436 debere
561 1375 708 1456 intelligi,
724 1397 820 1456 quam
834 1379 982 1437 Senecam
999 1377 1100 1458 ipsum
1116 1374 1258 1458 philoso-

200 1469 310 1552 phum.
324 1473 371 1532 Sic
383 1493 456 1533 sane
468 1473 528 1533 sibi
541 1493 720 1554 persuasum
737 1471 889 1549 habeant,
906 1473 980 1532 dum
996 1472 1064 1532 aliis
1079 1493 1117 1531 ne
1133 1493 1258 1554 persua·

200 1567 314 1629 deant:
333 1572 376 1629 ita
395 1572 480 1630 enim
500 1573 566 1652 ipsa
582 1591 671 1651 paene
688 1572 781 1630 verba
799 1570 884 1629 Flori
902 1569 1047 1652 producit
1065 1570 1116 1630 ille
1136 1586 1259 1630 sanctus

171 1730 174 1738 ,
201 1670 341 1751 scriptor,
355 1683 406 1743 ut,
420 1670 553 1750 quinon
568 1667 660 1749 hujus
675 1670 727 1728 sed
745 1669 871 1728 alterius
887 1667 1049 1749 cujusdam
1068 1670 1202 1731 auctoris
1219 1669 1258 1728 ab

201 1790 238 1830 eo
255 1769 350 1829 verba
370 1769 501 1851 produci
521 1770 688 1844 existimet,
709 1790 808 1829 meras
827 1791 926 1849 nugas
946 1782 1029 1850 agat.
1046 1768 1104 1829 Sed
1125 1790 1181 1850 per
1201 1790 1259 1829 nos
1278 1833 1288 1851 ,

200 1867 289 1942 licet,
308 1865 354 1926 illi
371 1865 492 1946 judicio
511 1887 567 1926 suo
584 1866 739 1927 fruantur.
759 1869 831 1926 Non
847 1864 942 1925 bodie
959 1881 1063 1926 autem
1081 1879 1174 1946 atque
1192 1863 1259 1925 beri

201 1961 259 2025 hos
271 1963 396 2036 titulos,
412 1964 446 2022 in
461 1964 574 2045 quibus
586 1963 671 2022 Flori
688 1985 805 2023 nomen
820 1976 931 2038 exstat,
945 1962 1171 2044 exemplaribus
1188 1984 1206 2021 a
1222 1961 1260 2023 li·

200 2057 314 2120 brariis
328 2059 422 2119 fuisse
435 2060 568 2133 inditos,
581 2081 652 2121 vere
664 2059 744 2125 mihi
756 2060 944 2140 persuadeo:
959 2059 1032 2119 licet
1048 2058 1136 2119 aliter
1147 2061 1261 2121 sentire

202 2158 328 2217 videam
340 2160 424 2238 viros
440 2180 504 2218 non
521 2159 718 2219 mediocriter
737 2157 890 2234 eruditos,
908 2159 963 2240 qui
985 2172 1119 2219 recentes
1138 2179 1201 2218 esse
1217 2164 1261 2218 καὶ

203 2259 233 2313 οὐ
247 2259 356 2322 παλαιᾶς
368 2258 452 2336 χειρὸς
463 2256 647 2329 existimant.
666 2256 721 2316 Sed
736 2256 819 2315 unde
832 2257 954 2337 ineptus
970 2254 1053 2315 illius
1068 2255 1191 2338 prologi
1205 2276 1261 2315 au-

203 2364 281 2426 ctor,
300 2354 355 2440 qui
374 2351 488 2432 legitur-
506 2352 539 2411 in
558 2353 751 2433 quibusdam,
765 2356 890 2413 vetustis
909 2350 1153 2434 exemplaribus,
1175 2352 1284 2412 Flori‘

204 2471 321 2511 nomen
340 2453 519 2534 accepisset,
541 2453 656 2526 sinon
676 2456 718 2511 ita
737 2454 824 2512 utin
841 2453 1070 2527 vetustissimis,
1091 2453 1146 2532 qui
1166 2450 1261 2511 bodie

203 2562 322 2609 exstent
333 2550 510 2626 codicibus,
525 2551 610 2613 Flori
624 2572 739 2622 nomen
753 2550 943 2632 adscriptum
959 2551 1118 2633 reperisset
1132 2552 1165 2609 in
1177 2549 1261 2610 illius

206 2647 262 2705 aevi
280 2648 407 2706 vetustis
424 2646 523 2708 libris.
533 2648 602 2726 ,Qui
622 2646 720 2729 quum
737 2648 835 2722 dicat,
855 2673 868 2702 a
878 2650 958 2708 Nam
972 2649 1139 2709 Florinon
1155 2659 1200 2708 est
1217 2647 1262 2709 ibi

208 2770 221 2798 a
231 2744 350 2803 mentio
360 2789 368 2818 ,
378 2770 392 2800 n
407 2745 547 2806 codicem
561 2745 698 2826 aliquem
712 2746 878 2826 antiquum
890 2759 920 2805 et
937 2747 1063 2827 optimae
1075 2759 1157 2805 notae
1172 2746 1212 2806 ab
1224 2767 1261 2808 eo

205 2841 362 2921 designari
379 2855 466 2924 puto.
491 2843 681 2901 Nazarianus
699 2841 793 2917 liber,
810 2843 1093 2923 manuscriptorum
1118 2844 1262 2903 omnium

204 2936 320 3016 quibus
340 2939 386 2997 usi
406 2960 511 2999 sumus
535 2939 785 3021 antiquissimus,
809 2952 845 2998 ut
863 2959 956 3019 quem
975 2952 1046 2998 ante
1061 2940 1262 3021 octingentos

206 3053 308 3110 annos
321 3034 470 3116 scripturn
485 3056 547 3095 esse
563 3035 727 3096 manifesta
739 3037 779 3094 sit
789 3033 880 3109 fides,
893 3034 1009 3115 quique
1022 3033 1162 3094 bonitate
1174 3058 1262 3119 supe·

185 3138 190 3157 ¹
204 3143 254 3191 rat
263 3150 376 3210 agmen
388 3129 467 3189 illud
480 3131 623 3191 codicum
638 3131 752 3212 quibus
765 3131 888 3210 adjutus
900 3144 944 3191 est
956 3131 990 3189 in
1003 3127 1094 3213 hujus
1109 3134 1262 3214 ἐγχειριδίου

205 3230 384 3295 recensione,
401 3232 539 3312 optimus
555 3242 584 3288 et
602 3228 796 3288 doctissimus
809 3229 954 3303 Vinctus,
966 3231 1051 3289 Lucii
1064 3229 1174 3289 Annoei
1185 3230 1263 3291 Fieri

204 3330 239 3387 in
251 3325 345 3387 titulo
355 3327 488 3410 praefert.
504 3328 577 3386 Non
593 3326 672 3386 alius
688 3340 790 3409 potest
807 3347 870 3386 esse
883 3327 1010 3409 Florus,
1026 3332 1123 3407 quam
1140 3327 1193 3387 ille
1208 3331 1262 3409 qui

204 3424 329 3506 Trajani
352 3439 382 3484 et
403 3425 556 3485 Hadriani
577 3425 772 3507 temporibus
793 3425 916 3500 floruit,
936 3426 990 3507 qui
1015 3427 1048 3483 in
1069 3425 1199 3508 epistola
1223 3428 1261 3487 ad

205 3522 420 3596 Hadrianum,
441 3519 528 3602 cujus
550 3521 687 3605 epistolae
706 3534 752 3583 ter
771 3538 825 3582 aut
842 3529 951 3603 quater
968 3525 1161 3583 mentionem
1179 3523 1262 3606 apud

207 3620 380 3681 Charisium
403 3623 551 3703 reperies,
574 3622 680 3682 scribit
699 3645 729 3683 se
748 3624 899 3704 poematis
921 3623 1074 3685 delectari.
1097 3623 1264 3685 Character

206 3732 310 3778 autern
327 3719 413 3778 istius
429 3717 568 3780 historici
580 3720 764 3804 compendii
777 3721 870 3802 plane
884 3722 1023 3802 poeticus
1036 3736 1096 3798 est,
1114 3735 1145 3782 et
1162 3720 1264 3783 homi-

161 3839 163 3842 ⁴
206 3817 255 3875 nis
272 3817 305 3875 in
318 3819 416 3900 poetis
434 3839 499 3878 non
516 3806 681 3881 infeliciter
694 3822 822 3894 versati,
838 3823 980 3901 quamvis
993 3821 1054 3901 hoc
1068 3843 1178 3904 parum
1192 3845 1264 3906 pro-

206 3913 275 3988 bet,
288 3916 312 3974 si
331 3936 395 3975 non
413 3915 474 3975 alia
489 3916 676 3978 accederent.
690 3919 729 3977 Et
743 3918 859 3977 mirum
873 3921 1082 3998 grammaticis
1099 3932 1163 3978 tam
1183 3921 1265 3980 invi-

208 4034 275 4073 sum
287 4011 380 4087 fuisse
390 4012 450 4075 hoc
461 4035 555 4097 opus,
567 4028 765 4097 utnusquam
778 4015 896 4095 aliquid
907 4039 942 4075 ex
953 4037 989 4076 eo
1002 4016 1039 4075 ad
1050 4018 1265 4076 testimonium
