2640 4808
604 400 668 460 DE
692 396 854 462 FLORO

526 628 706 692 JUSTUS
730 627 934 705 LlPSlUS,

467 822 502 862 ru
526 823 689 878 nnacrrs,
711 823 780 863 ern.
801 825 847 877 11,
867 823 941 863 car.
965 825 995 862 v.

243 971 353 1030 Lucius
374 973 507 1030 Annaeus
526 969 636 1030 Florus
650 971 712 1050 (ita
726 973 810 1031 enim
827 971 992 1053 indigitare
1009 993 1080 1032 cum
1098 972 1206 1054 priscis
1225 971 1259 1030 li·

203 1070 266 1129 bris
285 1069 408 1144 malim,
430 1090 526 1150 quam
546 1067 678 1129 Julium:
694 1072 846 1151 quoniam
863 1068 1003 1152 Hispana
1024 1069 1118 1129 fuisse
1140 1070 1261 1149 origine
1283 1136 1285 1142 ,

203 1165 337 1247 collige,
353 1178 399 1240 et,
420 1167 453 1225 ni
468 1164 569 1240 fallor,
584 1187 619 1225 ex
634 1168 700 1253 ipsa
715 1167 898 1227 Seneearum
911 1171 1029 1247 gente),
1049 1170 1089 1240 is,
1110 1167 1259 1247 inquam,

203 1262 310 1322 Florus
335 1261 559 1344 compendium
583 1283 648 1321 non
671 1277 735 1322 tam
756 1264 853 1338 Livii,
879 1284 977 1344 aquo
996 1283 1077 1345 saepe
1101 1259 1260 1336 dissentit,

203 1362 420 1441 ‹quam'rerum
436 1364 664 1435 Romanarum,
688 1363 827 1443 scripsit3
848 1363 872 1421 si
896 1361 974 1442 quid
993 1361 1051 1421 mei
1067 1358 1180 1442 judicii
1199 1376 1260 1433 est,

147 1503 151 1509 a
203 1460 390 1541 composite,
403 1458 530 1533 diserte,
543 1458 708 1538 eleganter.
722 1459 881 1520 Subtilitas
893 1459 1023 1540 quidem
1038 1472 1067 1519 et
1079 1459 1211 1518 brevitas
1228 1461 1261 1516 in

203 1578 240 1617 eo
253 1578 332 1640 saepe
345 1559 439 1630 mira3
453 1571 483 1617 et
495 1558 716 1617 sententiarum
730 1557 873 1640 quaedam
884 1557 1049 1638 gemmulae
1062 1579 1136 1617 eum
1143 1555 1261 1636 judicio

205 1657 325 1714 insertae
340 1668 370 1715 et
383 1658 519 1741 veritate.
1177 1647 1180 1653 ’

544 1864 573 1924 l.
600 1863 624 1923 1.
650 1862 921 1938 PONTANUS‚

384 2048 421 2086 IN
442 2046 623 2087 ΟΜΤΙΟΝΕ
645 2047 837 2087 BSAGOGlCA
860 2049 904 2088 AD
925 2046 1083 2095 unorum.

185 2225 188 2231 ·
246 2197 281 2254 L.
299 2197 451 2255 Annaeum
465 2194 592 2255 Florum
605 2195 826 2256 volaterranus
837 2195 952 2258 dulium
964 2195 1083 2258 Flomm
1095 2198 1262 2258 Secundum

208 2295 319 2354 maluit
330 2296 512 2364 nominare,
522 2295 608 2376 quod
620 2296 805 2356 existimaret
817 2294 903 2355 hunc
914 2317 976 2356 esse
988 2316 1059 2356 eurn
1072 2297 1263 2372 Secundum,

207 2394 293 2476 eujus
308 2395 405 2456 amice
418 2395 561 2455 meminit
572 2395 687 2454 Fabius
698 2395 944 2474 Quinctilianus,
958 2397 1012 2476 qui
1026 2409 1056 2454 et
1067 2394 1265 2456 familiariter

207 2517 225 2551 a
239 2514 270 2553 se
282 2505 421 2554 amatum
434 2515 506 2554 eum
519 2494 604 2555 addit
612 2539 622 2569 ,
630 2495 735 2554 virum
746 2507 782 2552 ut
793 2495 881 2553 mirae
892 2493 1066 2568 facundiae,
1078 2493 1120 2552 ita
1133 2490 1264 2554 infinita

120 2608 123 2613 ’
208 2611 298 2651 curae.
319 2589 394 2652 Julii
412 2613 585 2672 cognomen
607 2614 628 2650 a
643 2605 757 2674 patruo
776 2590 861 2651 lulio
884 2576 978 2650 Floro
1000 2592 1163 2650 retinuisse
1181 2591 1264 2650 idern

208 2685 349 2767 conjicit:
371 2686 460 2768 cujus
477 2709 603 2770 quoque
614 2688 850 2765 Quinctiliauus
869 2691 1059 2748 mentionem
1072 2687 1167 2761 facit,
1185 2691 1266 2749 inter

208 2807 325 2867 paucos
343 2786 493 2847 disertum
511 2809 583 2847 eum
601 2788 696 2849 fuisse
714 2788 872 2862 indicans,
890 2798 998 2867 utpote
1016 2787 1051 2845 in
1068 2785 1264 2865 eloquentia,

208 2907 306 2967 quam
314 2887 348 2946 in
361 2885 470 2946 Galliis
481 2885 539 2946 sub
553 2901 723 2947 extremum
733 2888 880 2958 exercuit,
892 2884 1068 2944 Galliarum
1081 2885 1264 2966 principem.

209 2986 313 3061 Quam
327 2983 365 3042 de
383 2983 480 3044 Floro
496 2985 697 3067 opinionem,
711 2986 737 3044 si
752 2981 879 3064 Trajaui
897 3002 1016 3057 aevum,
1032 3003 1095 3063 quo
1110 2980 1224 3041 claruit
1236 2997 1266 3041 et

209 3080 452 3157 Quinctilianus,
462 3095 492 3142 et
504 3083 614 3144 Florus
626 3096 744 3156 noster,
757 3081 954 3164 respicimus,
967 3100 1031 3141 non
1044 3081 1099 3139 abs
1113 3101 1145 3139 re
1160 3079 1265 3160 conje-

209 3177 282 3236 cisse
299 3176 523 3237 Volaterranos
541 3180 657 3238 censeri
676 3191 792 3259 potest3
812 3177 872 3237 nisi
891 3176 978 3258 quod
995 3177 1059 3236 duo
1080 3175 1203 3236 obstare
1223 3179 1266 3234 vi·

208 3273 360 3333 deantur:
376 3274 461 3354 prius
476 3288 521 3334 est
535 3276 599 3356 ipse
613 3274 860 3351 Quintilianus,
876 3279 930 3357 qui
947 3294 1011 3335 non
1030 3287 1065 3333 ut
1083 3272 1266 3333 historicum

208 3381 262 3429 aut
275 3370 354 3429 inter
366 3368 543 3446 historicos,
561 3371 614 3432 sed
626 3385 663 3432 ut
674 3386 832 3432 oratorem
843 3386 874 3431 et
884 3373 964 3431 inter
976 3369 1162 3450 eloquentiae
1174 3370 1267 3429 laude

210 3467 363 3543 llorentes,
371 3483 552 3550 utrumque,
560 3482 591 3530 et
597 3472 615 3530 J
617 3469 718 3531 ulium
727 3471 913 3544 Secundum,
923 3483 955 3528 et
963 3482 1111 3549 patruum
1121 3464 1187 3547 ejus
1196 3466 1268 3528 Flo

152 3565 160 3612 Γ
211 3587 280 3625 rum
295 3565 508 3626 concelebrat:
529 3566 662 3628 alterum
677 3582 723 3628 est
737 3569 881 3629 codicum
895 3581 1033 3627 veterum
1048 3568 1219 3648 scriptura,
1233 3567 1265 3624 in

209 3665 324 3745 quibus
336 3688 403 3727 non
419 3665 533 3738 Julius,
551 3667 604 3727 sed
617 3670 651 3727 L.
665 3670 797 3729 Annaeus
813 3667 916 3729 Florm
929 3679 1109 3727 constanter
1121 3664 1266 3745 indigita-

209 3778 269 3824 tur.
282 3748 372 3823 Unde
384 3763 598 3844 colligendum
611 3765 765 3826 doctiores
777 3765 941 3825 voluerunt
950 3786 987 3824 ex
998 3764 1149 3845 Hispania
1162 3763 1267 3821 oriun-

208 3859 285 3921 dum
298 3859 410 3935 fuisse,
423 3876 453 3922 et
465 3859 595 3921 fortasse
611 3884 647 3923 ex
661 3863 730 3944 ipsa
741 3864 950 3935 danaorum,
965 3862 995 3920 id
1010 3872 1071 3935 est,
1083 3861 1266 3919 Senecarurn

209 3972 308 4037 gente.
321 3959 485 4040 Quidquid
501 3958 619 4018 horum
629 3961 685 4035 sit,
699 3960 785 4040 quod
799 3980 858 4020 nos
872 3962 907 4019 in
921 3959 1028 4018 medio
1038 3956 1266 4036 relinquemus,

211 4055 287 4116 illud
301 4058 427 4115 interim
441 4070 542 4116 ratum
556 4069 634 4130 esto,
649 4058 807 4135 egregium
822 4078 900 4137 opus
914 4077 976 4116 esse
987 4055 1045 4113 hos
1056 4052 1120 4134 ejus
1133 4067 1268 4134 quantor
