2640 4808
207 435 226 476 2
512 442 515 446 >
608 412 671 474 DE
695 411 856 477 FLORO

208 577 222 607 r
234 572 321 634 spem
338 550 500 624 omnium,
519 561 656 609 senectus
676 551 819 632 imperii,
839 553 927 635 quasi
946 551 1067 612 reddita
1083 553 1262 636 juventute,

130 730 134 736 ι
207 676 221 704 a
232 649 397 709 revirescit.
409 673 423 704 »
437 646 504 706 Viri
526 645 639 711 eruditi
660 646 807 733 quidam,
832 667 948 729 eosque
969 650 1050 709 inter
1068 651 1095 709 J.
1118 652 1261 727 Camers,

205 747 327 806 malunt
344 747 433 805 movit
445 765 504 826 pro
519 757 621 827 mouet.
641 745 704 804 Nec
720 743 857 806 diffiteor
876 747 918 804 sic
939 766 1001 806 esse
1019 747 1053 805 in
1074 748 1262 829 quibusdam

204 847 286 906 MSS.
302 847 359 928 Sed
373 859 492 904 rectum
505 865 566 904 esse
579 856 687 920 movet,
701 845 851 921 ostendit,
865 859 933 904 tum
948 846 1032 926 quod
1047 848 1216 923 antecedit,
1232 852 1264 908 in

203 939 342 1015 soeculum
351 954 496 1014 ausuum,
508 953 577 1003 tum
590 940 677 1021 quod
688 942 837 1023 sequitur,
852 944 1001 1005 revirescit.
1015 943 1087 1018 Sed,
1100 944 1262 1024 inquiunt,

203 1037 314 1098 Florus
326 1039 365 1097 ab
379 1039 518 1119 Augusto
533 1058 597 1098 esse
612 1038 652 1096 ad
670 1040 725 1099 sua
739 1053 883 1120 tempora
900 1040 944 1098 ait
961 1061 1061 1099 annos
1080 1062 1179 1124 prope
1194 1063 1261 1102 200.

204 1134 400 1216 Ab.Augusti
417 1148 521 1207 autam
539 1135 733 1225 principatu,
752 1156 850 1217 usque
871 1135 911 1196 ad
929 1137 1054 1218 Trajaui
1076 1140 1262 1226 imperium,
1292 1178 1294 1183 ·

204 1248 276 1295 sunt
297 1237 518 1294 anni‘tantum
545 1232 615 1309 124,
636 1235 715 1310 sive,
736 1235 761 1294 si
779 1248 867 1316 putes
889 1235 929 1294 ad
948 1257 1103 1296 excessum
1119 1237 1262 1318 Trajani,

204 1334 280 1393 anni
297 1347 389 1394 erunt
409 1331 474 1408 143.
496 1332 553 1392 Sed
570 1331 777 1412 jamdudum
797 1333 875 1392 mihi
895 1333 960 1394 haec
978 1333 1136 1395 meditata.
1146 1337 1262 1396 Verum
1307 1402 1316 1413 ⁸

203 1431 370 1514 legendum
386 1446 465 1514 puto
482 1431 565 1513 apud
583 1430 728 1506 Florum,
749 1432 824 1489 anni
846 1434 909 1492 150.
927 1433 1007 1491 Nam
1024 1435 1164 1515 quisquis
1180 1436 1262 1495 MSS.

203 1531 288 1590 Flori
301 1531 399 1623 Codd.
411 1533 558 1606 versavit,
572 1531 628 1589 scit
645 1544 839 1621 quantopere
855 1532 888 1589 in
901 1533 992 1590 annis
1004 1535 1102 1593 variet
1116 1533 1264 1620 prologus

204 1632 269 1691 ister
281 1633 344 1690 Neo
359 1643 465 1690 tamen
477 1628 572 1688 solius
589 1626 717 1709 Trajani
731 1649 795 1688 aevo
813 1628 950 1689 arbitror
964 1630 1090 1706 vixisse,
1106 1632 1156 1692 sed
1169 1634 1263 1691 etiam

204 1729 367 1789 Hadriani.
378 1728 476 1795 Plana
484 1729 569 1799 ellim
579 1727 662 1789 idem
672 1727 805 1804 videtur,
816 1725 903 1811 cujus
916 1726 1007 1793 hosce
1019 1731 1053 1787 iu
1066 1729 1264 1788 Hadrianum

171 1863 174 1871 ι
204 1827 385 1902 versiculos,
396 1827 468 1886 etin
479 1848 573 1908 quem
584 1847 689 1885 versus
702 1825 854 1884 Hadriani
865 1826 1046 1908 Spartianus
1057 1827 1165 1902 refert,
1175 1849 1199 1886 c.
1214 1829 1261 1886 16:

244 1924 347 1983 Julius
359 1924 470 1984 Florus
483 1922 635 1982 scribebat
648 1921 687 1980 ad
701 1922 913 1995 Hadrianum;

455 2065 511 2130 Ego
524 2059 587 2111 nolo
600 2061 687 2111 Caesar
698 2061 779 2123 esse,

417 2175 420 2181 ·
455 2148 599 2200 Ambulare
611 2168 660 2219 per
673 2147 826 2217 Britannos,

455 2238 590 2312 Scythicas
602 2241 659 2310 pati
672 2239 789 2309 pruinas.

207 2380 377 2463 Respondit
394 2379 487 2440 Floro
502 2379 720 2452 Hadrianus,=
800 2434 804 2443 ,

474 2520 531 2596 Ego
543 2517 608 2569 nolo
621 2517 714 2577 Florus
727 2535 798 2580 esse,

441 2602 443 2607 Α
473 2607 616 2660 Ambulare
628 2626 678 2678 per
690 2606 829 2664 tabernas,

345 2748 350 2763 ‚
384 2744 387 2749 .
474 2700 590 2758 Larisae
601 2699 789 2768 popuplus,

474 2787 578 2849 Calices
588 2789 645 2859 pati
656 2786 796 2849 rotundos.

206 2925 371 3006 Quemque
393 2927 542 2986 Annaeum
566 2923 684 2985 Florum
702 2922 860 2983 Charisius
873 2935 989 2996 norat,
1012 2933 1042 2980 et
1061 2942 1097 2981 ex
1116 2922 1203 3004 cujus
1225 2924 1263 2982 ad

136 3100 139 3105 Δ
207 3021 317 3082 divum
333 3022 532 3082 Hadrianum
550 3021 680 3102 epistola
702 3022 827 3099 gemino
847 3018 881 3076 in
899 3015 968 3076 loco
989 3017 1063 3077 citat
1080 3016 1134 3076 illa
1151 3012 1264 3091 verba,

204 3123 346 3200 poematis
359 3120 490 3181 delector.
505 3121 584 3179 Saue
597 3117 682 3198 quod
695 3115 848 3199 poematis
863 3113 1007 3174 delectari
1025 3135 1056 3174 se
1071 3116 1130 3187 ait,
1148 3114 1180 3173 id
1198 3114 1264 3174 non
1304 3142 1305 3146 ¹

208 3216 358 3278 abhorret
377 3218 416 3275 ab
436 3216 529 3296 hujus
551 3214 731 3296 compendii
750 3213 915 3294 scriptore,
935 3211 1063 3292 quando
1085 3211 1180 3293 stylus
1200 3209 1265 3292 ejus

208 3328 254 3374 est
277 3316 310 3373 in
332 3313 464 3372 historia
485 3312 740 3385 declamatorius,
765 3332 800 3369 ac
822 3310 944 3391 poetico
966 3309 1110 3390 propior,
1131 3309 1208 3367 adeo
1232 3322 1266 3366 ut

206 3415 302 3473 etiam
317 3410 512 3481 hemistichia
527 3409 650 3498 Virgilii
670 3408 852 3495 profundat
875 3408 913 3469 Et
929 3420 1035 3471 tamen
1054 3429 1089 3465 ea
1103 3408 1265 3489 potissima

98 3584 100 3592 s
208 3529 253 3570 est
264 3510 349 3571 Flori
361 3511 461 3569 nostri
473 3509 555 3583 laus,
569 3507 655 3589 quod
668 3508 799 3588 scriptor
811 3491 991 3586 est¹elegans
1008 3519 1037 3563 et
1056 3506 1203 3580 disertus,
1220 3519 1264 3580 et,

136 3614 137 3621 ’
209 3611 234 3667 sl
248 3606 383 3689 paucula
391 3606 566 3687 exceperis,
581 3625 650 3685 quae
668 3601 812 3685 frigidius
829 3602 910 3663 dicta
923 3601 1080 3675 videntur,
1093 3622 1165 3661 vere
1180 3601 1265 3660 flori-

208 3705 277 3767 dus·
289 3705 346 3766 Sed
358 3704 427 3764 latae
440 3718 484 3764 est
495 3701 594 3785 culpas
605 3723 689 3775 reus,
703 3701 789 3782 quod
801 3701 834 3759 in
845 3712 1024 3781 temporum
1036 3700 1160 3782 ratione
1169 3718 1267 3778 usque

209 3805 289 3865 adeo
307 3805 466 3886 negligens
480 3805 537 3878 sit3
550 3804 600 3883 ita
615 3815 651 3861 ut
668 3822 732 3873 non
743 3801 842 3882 possit
855 3820 920 3859 non
935 3800 1047 3880 saepius
1061 3797 1264 3871 hallucinari,

211 3905 265 3984 qui
281 3903 368 3963 hune
383 3903 496 3961 ducem
512 3902 601 3981 sedni·
617 3899 700 3959 velit.
712 3897 810 3959 Valde
829 3911 933 3957 autem
947 3894 1110 3969 falluntur,
1123 3895 1177 3977 qui
1194 3903 1266 3954 eum

165 3994 167 3999 ’
209 4017 322 4085 putant
336 4005 371 4062 in
387 4002 518 4062 historia
533 3984 588 4061 sua
602 4001 761 4082 epitomen
774 3998 866 4057 uobis
878 3996 959 4056 Livii
974 3996 1047 4055 dare
1059 3993 1209 4054 voluisse:
1226 3995 1266 4066 siv-

207 4100 338 4184 quidum
355 4101 463 4161 crebro
483 4121 502 4157 a
519 4097 607 4157 Livio
626 4093 749 4155 recedit.
767 4094 830 4152 Nec
848 4092 939 4153 facile
959 4092 1107 4166 dixerim,
1122 4090 1265 4166 idemne,
