2640 4808
200 407 236 448 12
598 384 661 446 DE
685 381 848 447 FLORO

194 511 254 570 sias
272 509 306 567 in
327 506 492 567 Alexandri
511 507 619 585 Magni
638 508 719 579 vita,
739 505 842 586 quod,
857 525 955 584 quum
975 516 1127 564 narrasset
1146 506 1254 566 eadem

195 618 286 666 nocte
303 617 413 664 natum
430 601 658 677 Alexandrum,
669 602 700 662 'et
715 595 854 683 Ephesiae
867 602 977 660 Diauae
990 601 1142 683 templum
1159 603 1256 664 della·

108 777 111 781 Δ
194 709 315 784 grasse,
334 699 513 780 subjecerit,
529 701 658 759 minime
678 699 709 757 id
728 720 791 759 esse
810 697 1008 774 mirandum,
1029 700 1114 778 quod
1136 701 1255 776 Diana,

196 820 296 882 quum
315 799 349 857 in
369 809 461 879 partu
479 796 626 855 voluisset
644 795 826 878 Olympiadi
845 795 965 870 adesse,
988 794 1125 856 abfuerit
1147 796 1255 857 domo.

195 898 332 956 Tantum
349 896 382 953 in
397 893 457 953 hoc
474 894 557 953 dicto
575 891 673 973 frigus
688 914 750 952 esse
767 893 914 975 praedicat
930 891 1131 969 Plutarchus,
1149 910 1184 953 ut
1203 916 1256 955 ex·
1308 910 1311 915 '

196 995 350 1074 stinguere
361 1004 462 1074 posset
473 993 575 1074 ipsum
584 991 763 1052 incendium
773 991 862 1066 illud,
871 991 957 1073 quod
969 992 1120 1073 templum
1132 992 1257 1067 delevit,

196 1094 339 1174 quamvis
351 1111 418 1150 non
431 1092 574 1172 ignorem
588 1090 619 1149 id
632 1089 753 1149 laudari
768 1112 786 1149 a
798 1087 999 1149 disertissimo
1014 1090 1140 1150 Romuli
1158 1113 1256 1172 nepo·

196 1205 281 1266 tum,
299 1189 495 1269 adscribique
509 1190 638 1248 Timae'o.
655 1188 711 1248 Sed
725 1187 877 1268 judicium
896 1188 1055 1248 Plutarchi
1074 1188 1124 1249 hic
1143 1191 1257 1250 merito

184 1286 357 1372 'probatur‘
368 1286 485 1346 Ver'um
499 1306 566 1345 non
579 1287 683 1344 minus
693 1285 808 1366 frigida
818 1299 861 1344 est
873 1287 1024 1346 sententia
1035 1286 1134 1361 Flori,
1145 1286 1199 1346 lib.
1211 1288 1256 1362 Il,

196 1409 264 1468 cap.
281 1388 316 1460 8,
331 1407 430 1465 quum
449 1385 530 1442 iuter
546 1382 691 1464 prodigia
708 1383 861 1442 retulisset
880 1385 1059 1442 Cumanum
1076 1383 1257 1466 Apollinem

197 1484 338 1557 sudasse,
355 1483 546 1555 acutissime,
565 1481 590 1539 si
606 1480 663 1539 diis
676 1480 796 1560 placet,
812 1478 936 1558 adjicit:
959 1510 973 1536 ιι
983 1482 1039 1542 Sed
1055 1481 1106 1542 hic
1122 1482 1256 1542 faventis

200 1607 213 1638 ιι
224 1583 302 1641 Asiae
315 1603 377 1641 suae
394 1581 533 1640 numinis
548 1580 644 1637 timor
656 1590 730 1637 erat.
742 1604 756 1634 ιι
772 1577 947 1638 Murrhedii
960 1592 1120 1661 stuporem
1134 1594 1258 1642 accusat

197 1681 324 1752 Seneca,
334 1676 419 1758 quod
432 1677 466 1734 in
476 1674 703 1735 declamatione
713 1675 751 1735 de
761 1675 917 1757 Pompilio
928 1675 1062 1752 ferente,
1073 1700 1145 1737 cum
1155 1680 1258 1764 capite

198 1777 356 1837 Ciceronis
378 1783 571 1854 amputatam
593 1773 877 1834 manum-dixerit:
899 1797 913 1828 ιι
924 1773 1050 1850 Quanto
1076 1773 1165 1835 aliter
1187 1797 1257 1836 reus

200 1899 213 1929 ιι
226 1874 382 1935 Ciceronis
396 1871 521 1955 tenebat
534 1870 707 1930 manumiu
726 1872 821 1952 AEque
836 1871 997 1953 stupidum
1013 1885 1058 1931 est
1074 1872 1156 1932 istud
1171 1872 1257 1933 Flori

198 1973 232 2030 in
249 1970 331 2029 libro
349 1971 379 2043 I,
399 1989 452 2041 10,
469 1967 507 2027 de
522 1969 617 2026 Bruto
632 1969 804 2050 exspirante
821 1970 854 2026 in
872 1970 1014 2044 Aruntis,
1027 1991 1121 2050 quem
1137 1969 1259 2031 occide·

197 2082 261 2139 rat,
276 2085 424 2146 corpore,
444 2090 458 2120 ιι
469 2064 577 2146 plane,
593 2066 711 2144 inquit,
726 2067 813 2146 quasi
833 2065 1008 2126 adulterum
1024 2068 1062 2127 ad
1080 2066 1197 2127 inferos
1213 2089 1258 2129 se·

201 2177 379 2246 oqueretur.
391 2189 404 2219 ιι
421 2165 493 2222 Non
509 2164 613 2222 minus
632 2161 725 2223 hebet
748 2184 895 2240 acumen,
917 2163 971 2225 lib.
993 2167 1039 2241 ll,
1060 2188 1126 2247 cap.
1153 2187 1202 2241 12,
1219 2167 1259 2226 de

198 2262 323 2322 duobus
344 2260 528 2342 juvenibus,
551 2261 606 2342 qui
628 2260 807 2320 ferebantur
828 2261 868 2320 ad
890 2264 1033 2321 Juturnae
1053 2262 1157 2322 lacum
1176 2285 1257 2324 nun-

199 2363 293 2422 ciasse
305 2361 468 2420 victoriam
481 2358 518 2418 de
529 2361 649 2434 Perseo,
664 2358 719 2418 illo
733 2359 783 2418 die
796 2379 859 2440 quo
869 2371 957 2442 parta
967 2373 1045 2436 erat,
1057 2383 1136 2442 quos
1145 2361 1258 2442 vulgus

199 2459 363 2519 crediderit
374 2456 466 2518 fuisse
477 2457 637 2518 Pollucem
649 2471 678 2518 et
691 2458 865 2532 Castorem,
880 2459 966 2539 quod
979 2460 1096 2540 gemini
1111 2458 1257 2535 fuissent3

200 2556 287 2638 quod
307 2558 458 2636 sanguine
475 2556 651 2631 maderent,
669 2556 753 2615 bello
775 2556 962 2616 interfuisse.
983 2559 1011 2617 Si
1030 2557 1081 2618 hic
1101 2558 1257 2633 desiisset,

200 2675 266 2713 non
288 2654 468 2734 ineptiisset.
488 2653 545 2713 Sed
567 2674 638 2712 cum
661 2653 820 2734 prioribus
842 2655 993 2730 adnectit,
1011 2677 1053 2715 «a
1073 2655 1259 2715 Macedonia

203 2779 216 2807 ιι
227 2752 350 2824 venire,
365 2751 450 2830 quod
469 2749 570 2810 adhue
585 2749 783 2825 anhelarent,
794 2777 807 2807 ιι
826 2751 908 2811 nihil
924 2753 1027 2833 potuit
1044 2750 1145 2812 dicere
1161 2752 1259 2813 insul÷

200 2851 271 2910 sius.
286 2849 363 2925 Quis
377 2869 413 2908 ex
426 2847 504 2907 alius
520 2847 659 2907 anhelitu
672 2847 831 2929 conjiciat,
847 2871 883 2908 ex
897 2869 960 2930 quo
974 2837 1042 2908 loco
1055 2849 1178 2908 veniat?
1188 2850 1260 2911 Col-

198 2947 276 3029 ligas
288 2968 324 3007 ex
339 2935 482 3006 anhelitu
493 2947 602 3006 itinere
615 2947 754 3006 celeriter
766 2966 828 3005 esse
840 2945 1021 3005 defunctum
1041 2945 1257 3021 anhelantem,

178 3035 180 3039 ἲ
200 3045 333 3104 sednon
349 3044 434 3105 unde
451 3046 564 3104 veniat.
580 3042 785 3121 Quidldiine
797 3044 853 3102 viae
869 3042 1031 3102 laboribus
1045 3041 1218 3124 fatigantur
1229 3057 1260 3104 et

200 3141 436 3217 exhauriuntur,
457 3155 493 3201 ut
513 3140 678 3201 anhelent?
692 3141 804 3199 Praeter
820 3138 886 3200 haec
906 3142 940 3198 iu
960 3141 1059 3199 verbis
1076 3152 1106 3199 et
1121 3139 1260 3200 dictione

201 3260 296 3319 quam
311 3238 410 3297 multa
431 3230 605 3310 maculosa,
626 3249 655 3295 et
675 3259 744 3317 quae
762 3256 828 3296 non
849 3237 951 3296 solum
971 3238 1009 3296 ab
1029 3236 1192 3297 emendate
1212 3238 1259 3296 lo·

201 3337 365 3415 quentium
377 3335 600 3394 consuetudine
615 3344 686 3392 sunt
698 3333 815 3410 aliena,
828 3334 880 3394 sed
897 3348 927 3393 et
943 3334 982 3393 ab
999 3335 1163 3409 omnibus,
1179 3354 1259 3414 quos

201 3452 267 3492 non
285 3433 408 3491 sinistra
423 3433 456 3489 in
472 3431 572 3492 lucem
587 3430 685 3490 edidit
700 3444 830 3506 natura,
846 3431 1061 3491 exsibilantur.
1078 3412 1212 3490 lnlibro
1228 3431 1259 3505 l,

201 3553 269 3613 cap.
283 3527 331 3605 tlt,
342 3532 385 3590 ait
396 3532 525 3590 Decium
534 3532 673 3605 Murem,
685 3551 783 3610 quum
798 3551 828 3589 se
841 3530 1012 3589 devovisset
1024 3529 1083 3589 diis
1094 3529 1260 3601 Manibus,

201 3633 234 3688 in
249 3628 475 3689 confertissima
495 3628 634 3688 hostium
652 3627 713 3688 tela
733 3650 763 3688 se
779 3627 952 3708 jaculatum
966 3636 1045 3704 esse,
1063 3655 1076 3684 ιι
1087 3643 1122 3688 ut
1141 3648 1261 3688 novum

204 3754 218 3783 ιι
228 3728 267 3788 ad
280 3728 442 3788 victoriam
455 3729 512 3786 iter
524 3728 682 3808 sanguinis
694 3728 741 3786 sui
756 3727 863 3786 semita
876 3729 1016 3808 aperiret.
1028 3753 1041 3783 ιι
1061 3727 1145 3804 Quid
1160 3739 1204 3784 est
1220 3747 1261 3785 se-

203 3830 273 3887 mita
287 3830 341 3887 iter
351 3829 487 3907 aperire?
502 3826 560 3885 Sed
576 3825 671 3905 longe
686 3826 861 3906 corruptius
876 3839 920 3884 est
931 3829 1083 3908 sanquinis
1096 3827 1197 3884 semita
1210 3826 1264 3883 iter

118 3965 120 3967 >
202 3916 320 4006 aperire.
339 3925 441 3982 Homo
456 3944 522 3982 non
537 3924 673 4005 ineptus,
686 3922 709 3980 si
724 3919 783 3980 hae
797 3922 825 3980 ei
841 3921 992 3981 utendum
1004 3935 1081 3983 esset
1092 3922 1253 3990 sententia,
1302 3968 1304 3970 a

203 4023 331 4096 diceret,
346 4033 378 4080 ut
388 4021 433 4079 'ud
445 4023 595 4080 uictoriam
609 4023 753 4101 sanquine
765 4041 816 4078 suo
828 4022 907 4079 uiam
919 4024 1049 4102 aperiret.
1060 4021 1136 4079 Tam
1151 4041 1254 4079 venut-

296 4106 307 4135 l

569 4290 572 4302 ,.
636 4222 646 4279 l
