2640 4808
204 417 240 492 14
604 411 667 474 DE
691 409 852 476 FLORO

198 534 292 594 simili
306 554 378 593 usus
390 545 435 591 est
448 532 613 612 allegoria,
628 532 684 596 lib.
694 536 810 594 XXIX:
828 531 963 594 «Videre
974 556 1005 594 se
1019 549 1258 621 consurgentem

126 624 129 629 ’
201 659 214 688 ιι
225 635 259 693 in
270 631 360 693 ltalia
369 631 486 690 nubem
497 629 585 690 illa'm
595 632 689 694 trucis
705 645 734 692 et
746 634 865 692 cruenti
875 632 964 692 belli:
978 633 1082 694 videre
1095 647 1258 695 tonantem

200 752 260 790 nac
270 728 495 788 fulminantem
512 727 552 805 ab
567 751 677 790 occasu
692 729 878 812 procellam,
892 751 987 811 quam
1001 732 1035 790 in
1047 754 1259 817 quascumque

201 853 215 884 ιι
224 842 379 888 terrarum
390 841 493 909 partes
505 829 642 888 victoriae
655 841 818 911 tempestas
833 828 991 905 detulerit,
1007 851 1123 912 magno
1141 833 1259 891 cruoris

199 951 214 981 ιι
224 926 325 984 imbre
332 928 442 984 omnia
449 924 650 986 foedaturam.
661 953 674 983 ιι
685 929 753 986 Hoc
762 940 806 986 est
813 925 950 986 humane
957 927 1045 1009 loqui
1054 973 1062 1004 ,
1071 930 1126 988 etsi
1134 927 1260 988 dunus-

197 1022 302 1084 oulum
312 1024 484 1082 sitvictorioe
492 1036 657 1104 tempestas:
670 1023 749 1084 illud
761 1038 808 1085 est
819 1024 916 1084 nubes
927 1038 956 1085 et
966 1027 1219 1108 inaniacaptare,
1229 1041 1261 1086 et

198 1141 315 1201 magno
328 1132 445 1181 conatu
459 1141 588 1202 magnas
600 1142 699 1202 nugas
710 1142 810 1202 agere.
821 1121 929 1197 Qualis
940 1126 1122 1204 πάρένθιιριιος,
1134 1123 1189 1182 lib.
1199 1121 1259 1198 ΙΙΙ,

199 1219 232 1294 5,
246 1219 285 1278 de
297 1216 445 1293 Lucullo,
459 1232 513 1278 aut
525 1232 560 1278 ut
572 1220 624 1279 alii
637 1221 765 1297 rectius,
778 1218 901 1280 Luculli
916 1219 1031 1280 milite:
1046 1245 1061 1275 ιι
1072 1221 1126 1300 qui
1142 1218 1259 1300 (borri-

200 1317 290 1378 «bile
311 1316 431 1395 dictul)
452 1337 507 1399 per
530 1319 647 1377 medias
668 1317 806 1379 hostium
826 1340 920 1379 naves
941 1333 1009 1379 utre
1028 1339 1210 1400 suspensus,
1224 1318 1261 1399 {et

200 1439 215 1469 ιι
225 1414 357 1496 pedibus
374 1415 431 1473 iter
447 1415 681 1494 adgubernans,
696 1415 875 1475 videntibus
890 1415 1014 1499 procul,
1032 1416 1120 1496 quasi
1137 1417 1260 1474 marina

199 1536 214 1566 ιι
224 1513 349 1594 pistrix,
362 1525 508 1572 evaserat.
520 1539 534 1568 ιι
549 1513 640 1571 Vides
655 1530 788 1594 quantos
800 1513 832 1571 in
846 1512 982 1595 simpulo
996 1513 1106 1573 fluctus
1118 1526 1261 1588 moveat,

201 1623 233 1670 et
244 1611 333 1692 quasi
351 1631 397 1669 res
411 1623 488 1669 esset
501 1631 593 1692 supra
607 1610 753 1670 humanae
768 1613 914 1694 potentiae
929 1610 1024 1672 fidem
1038 1611 1200 1687 terribilis,
1220 1623 1262 1670 te·

199 1709 349 1784 11111111,
362 1731 380 1767 a
391 1710 517 1769 nemine
529 1710 592 1769 visa
606 1723 635 1770 et
646 1723 781 1785 tentata,
796 1711 917 1770 utribus
930 1710 1080 1784 flumina,
1096 1723 1125 1769 et
1139 1710 1262 1790 longio-

199 1828 246 1867 res
262 1807 357 1867 maris
371 1821 487 1868 tractus
504 1822 643 1887 tranare,
656 1810 822 1885 exclamet,
839 1807 976 1869 horribile
990 1809 1088 1869 dictu!
1100 1830 1199 1889 quum
1211 1829 1261 1867 ars

199 1908 257 1967 ista
275 1908 308 1966 in
327 1907 417 1967 bellis
435 1906 542 1969 fuisset
560 1910 684 1990 cognita
699 1909 881 1992 priusquam
899 1906 1056 1989 Theognis
1074 1907 1261 1966 nasceretur.

200 2005 269 2062 Jarn
285 2003 366 2063 illud
383 2005 421 2063 de
437 2005 556 2080 Mario,
571 2005 624 2065 lib.
641 2007 701 2080 ΙΙΙ,
721 2027 754 2064 21
769 2029 776 2064 :
793 2006 938 2079 1011111,
952 2017 1084 2079 catenae,
1100 2003 1194 2084 fuga,
1211 2023 1262 2061 ex·

203 2100 331 2159 «silium
358 2100 615 2162 horrificaverant
637 2102 820 2183 dignitatem
845 2101 948 2161 Marii.
960 2127 974 2156 ιι
997 2103 1037 2160 Et
1061 2101 1099 2160 de
1124 2101 1261 2175 Caesare,

200 2199 255 2258 lib.
271 2200 324 2274 lV,
342 2220 379 2258 2:
399 2224 412 2254 ιι
423 2199 519 2276 Quasi
535 2201 573 2260 de
593 2201 746 2260 industria
765 2221 912 2283 prospera
931 2197 995 2280 ejus
1014 2198 1146 2259 adversis
1162 2196 1263 2257 radia-

204 2320 218 2350 ιι
227 2308 344 2370 rentur,
355 2321 369 2352 ιι
396 2308 491 2377 quam
520 2297 637 2373 audax,
661 2319 756 2377 quam
779 2297 920 2377 μετέωρονέ
945 2297 1006 2357 Pro
1028 2295 1089 2356 hoc
1115 2295 1263 2354 dixissent

201 2395 354 2469 saniores,
380 2415 530 2477 prospera
554 2396 686 2456 adversis
709 2397 957 2463 illustrarentur:
980 2415 1038 2476 pro
1065 2393 1137 2469 illo,
1159 2413 1263 2453 carcer

201 2502 330 2550 auxerat
344 2491 532 2572 <lignitatem
547 2493 656 2570 Marii,
674 2505 745 2569 aut,
763 2492 902 2550 Marium
919 2490 1177 2550 venerabiliorem
1191 2488 1263 2549 red-

201 2587 331 2647 diderat.
346 2590 503 2647 Nimirum
519 2590 592 2670 quia
611 2589 742 2649 horrore
758 2609 844 2649 sacro
861 2589 1010 2671 perfundi
1027 2589 1189 2662 dicuntur,
1206 2591 1263 2667 qui

201 2686 271 2745 loca
288 2687 395 2746 divina
413 2700 442 2745 et
457 2700 588 2767 augusta
601 2687 830 2768 ingrediuntur,
845 2688 981 2769 ipsisque
996 2686 1073 2748 lucis
1091 2699 1121 2746 et
1137 2685 1263 2767 templis

201 2796 300 2865 poetae
318 2786 476 2865 assignant
491 2784 673 2862 horrorem,
687 2788 797 2846 Noster
809 2787 993 2846 existimavit
1010 2808 1040 2845 se
1057 2806 1173 2866 magna
1190 2804 1263 2842 cum

202 2895 364 2941 venustate
376 2897 406 2942 et
418 2882 569 2964 elegantia
582 2905 699 2944 novam
711 2906 801 2966 posse
810 2886 880 2943 voci
891 2882 1055 2964 bonificas-e
1064 2880 1263 2965 significatio-

203 3001 276 3042 nem
295 2981 474 3062 imponere,
490 2995 626 3064 protam
646 2995 814 3064 augustum
832 2994 863 3041 et
877 2969 1051 3040 verendum
1066 2980 1194 3040 reddere
1204 2994 1265 3056 ,11

203 3076 267 3159 ej'us
279 3081 416 3139 nominis
429 3078 572 3160 majestas
585 3082 732 3141 omnibus
745 3102 864 3140 sacrum
878 3079 1009 3165 incutiat
1019 3077 1194 3139 horrorem.
1204 3079 1263 3138 Sed

203 3196 273 3258 quae
296 3175 361 3238 baec
389 3194 433 3237 est
460 3179 637 3260 protervia?
659 3179 808 3262 Virgilius
829 3176 948 3237 AEneid.
972 3180 1015 3238 lV
1037 3178 1138 3252 canit,
1155 3189 1264 3236 vatum

204 3274 348 3356 praedicta
360 3273 491 3335 horribili
502 3280 613 3336 rnonitu
623 3276 802 3360 horrificam,
811 3276 872 3337 hoc
881 3289 940 3351 est,
950 3274 1144 3336 terribilibus
1155 3275 1263 3349 rebus,

204 3393 280 3454 quas
294 3372 415 3433 futuras
429 3376 640 3449 nunciabant,
655 3375 817 3435 horrorem
839 3392 868 3436 et
884 3387 1002 3434 metum
1019 3374 1202 3435 hominibus
1217 3373 1265 3433 af·

205 3470 294 3532 ferre.
314 3472 370 3531 Sed
388 3474 498 3533 Noster
517 3474 620 3533 noluit
634 3475 684 3532 via
702 3474 828 3555 vulgata
847 3488 877 3533 et
897 3474 969 3533 trita
988 3473 1138 3534 incedere.
1156 3474 1264 3547 Nova,

205 3570 300 3643 mira,
315 3569 455 3628 inaudita
472 3567 599 3630 luerunt
617 3571 834 3632 consectanda
854 3572 934 3630 Nam
955 3571 1103 3631 novitatis
1124 3569 1265 3629 studium

204 3613 337 3726 haruin
329 3668 583 3727 inanissimarum
594 3671 787 3749 argutiarum
797 3670 889 3728 unica
900 3681 944 3728 est
954 3690 1074 3743 caussa,
1086 3683 1122 3729 ut
1133 3667 1264 3750 pulchre

205 3766 297 3827 docet
308 3767 510 3848 Longinuss
502 3789 536 3826 11
549 3788 643 3827 aureo
659 3766 766 3828 libello
782 3793 839 3848 περι
830 3770 952 3844 spone:
965 3778 1071 3827 Απαντα
1084 3792 1164 3826 ταυτα
1177 3773 1265 3847 μέντοι

203 3869 238 3925 τὰ
246 3867 430 3948 1111αά11111
441 3868 485 3925 διὰ
495 3872 578 3947 μίαν’
567 3871 690 3947 εμφῦεται
692 3876 746 3934 τοῖς
754 3869 872 3944 Ιόγοις’
848 3872 944 3943 atrias,
957 3866 1035 3924 διὰ
1008 3892 1038 3925 το
1048 3870 1104 3948 περὶ
1111 3869 1156 3934 τὰς
1165 3872 1267 3934 νοήσεις

205 3966 403 4042 mardomedos,
421 3967 508 4045 περὶὸ
527 3966 558 4028 δὴ
577 3969 688 4044 μάλιστα
706 3967 904 4046 κορυῧαντιῶσιν
921 3967 947 4023 οἱ
963 3974 1018 4022 νῦν.
1040 3988 1054 4018 ει
1066 3964 1140 4024 Haec
1157 3964 1265 4024 omnia

208 4060 373 4143 «dignitati
384 4075 415 4122 11
429 4063 575 4143 gravitati
588 4062 744 4121 contraria
761 4082 859 4120 unam
876 4062 917 4119 ob
932 4082 1072 4121 caussam
1084 4062 1264 4121 inseruntur
