2640 4808
284 363 594 462 'raa'rlatonta
617 363 679 427 ΕΤ
702 362 912 427 JUDlCIA.
1108 386 1125 452 7

66 494 111 552 nei
121 489 389 551 Romanaelibros.
398 488 485 565 Quot
494 490 547 568 qui
557 488 780 570 compendium
787 489 868 548 Livii
879 489 1129 562 authreviarium

67 592 208 665 faciunt,
220 588 268 649 vel
283 609 336 662 eo,
348 601 461 670 praeter
473 602 598 663 caetera,
610 586 757 668 redargui
774 587 931 662 existimo,
944 587 1030 668 quod
1045 588 1077 646 in
1093 589 1130 646 iis

68 710 87 747 a
104 687 198 746 Livio
217 706 434 768 saepenumero
454 685 544 744 abeat
561 706 597 744 ae
614 685 713 744 variet
728 685 891 744 sententia.
912 686 1016 744 Potius
1034 684 1131 745 totius

69 786 196 867 imperii
209 784 348 844 florentis
361 781 503 843 tabulam
517 782 758 864 appellabimus,
771 804 870 863 quum
884 783 1054 864 praesertim
1065 783 1130 864 ipsa

69 886 102 943 in
116 881 252 965 prologo
265 900 323 942 suo
333 881 468 942 fateatur
480 902 511 942 so
523 881 561 941 ad
574 880 751 965 exemplum
765 900 892 954 eorum,
909 883 965 963 qui
978 895 1130 941 terrarum
1160 932 1164 941 .

68 982 147 1040 situs
162 981 317 1062 pingunt,
333 980 368 1039 iu
385 979 471 1039 brevi
486 980 573 1060 quasi
590 977 705 1038 tabella
719 979 896 1039 universam
916 980 1039 1059 imperii
1056 978 1131 1037 ima·

69 1081 178 1159 giuem
190 1099 226 1138 ac
238 1078 489 1159 magnitudinem
501 1078 545 1138 ob
557 1078 664 1139 oculos
676 1079 823 1158 posuisse.

357 1314 361 1322 '
413 1327 482 1389 cn.
508 1320 795 1422 sardismos,

353 1528 390 1570 tu
417 1526 594 1571 PROLUGO
620 1530 667 1570 Η)
693 1528 858 1571 rnouutt.

114 1693 210 1770 Super
230 1702 358 1749 auctore
384 1688 478 1768 hujus
501 1688 735 1770 elegantissima
760 1690 914 1770 Epitomae
935 1687 1014 1747 nihil
1042 1690 1134 1750 nobis

74 1801 270 1869 compertum
281 1797 342 1862 est,
352 1787 437 1868 quod
448 1789 507 1846 viri
521 1788 604 1847 docti
618 1800 683 1846 non
696 1788 818 1861 norint,
834 1800 927 1866 atque
942 1789 949 1845 i
953 1789 999 1869 psl
1013 1788 1133 1870 pridem

74 1885 286 1952 observarintr
308 1903 365 1944 nec
385 1899 451 1943 tam
473 1904 594 1944 neeesse
617 1897 662 1944 est
681 1904 740 1943 nos
762 1901 833 1943 eum
855 1885 1018 1964 ignorare,
1039 1896 1133 1964 quam

75 1984 166 2042 bonis
177 1981 383 2063 conjecturis,
398 2004 455 2064 per
470 2003 547 2063 quas
560 1984 585 2041 si
600 2001 666 2041 non
680 2002 786 2041 verum
798 1976 924 2057 elicere,
937 1980 1015 2039 falsa
1028 1996 1134 2040 tamen

75 2079 207 2141 refutare
222 2082 395 2163 poasimus,
412 2081 516 2140 inniti.
530 2082 568 2141 Et
580 2094 614 2139 ut
628 2096 734 2139 verum
751 2078 913 2153 fateamur,
927 2079 1048 2139 facilius
1062 2092 1134 2161 pot-

76 2200 181 2241 snmus
194 2182 332 2241 invenire
347 2178 433 2261 cujus
445 2200 512 2240 non
524 2181 578 2254 sit,
591 2195 686 2260 quam
699 2177 786 2260 cujus
798 2182 836 2240 ait
850 2179 911 2239 hoc
926 2190 1021 2260 opus:
1037 2179 1060 2237 si
1072 2166 1133 2238 laod

77 2278 215 2338 iuvenire
230 2292 290 2351 est,
305 2294 425 2358 semper
440 2277 609 2357 querendo
623 2274 775 2337 laborare.
795 2275 1036 2356 {utquibnsdam
1051 2285 1133 2334 uete-

76 2378 161 2436 ribus
178 2390 208 2436 et
228 2394 326 2436 manu
348 2378 477 2436 exaratis
498 2375 586 2436 libris
608 2377 751 2457 quaedam
770 2376 917 2456 leguntur
933 2375 989 2434 sub
1010 2373 1133 2456 prologi

76 2472 185 2551 titulo,
210 2474 249 2535 de
265 2478 355 2535 Lucio
370 2481 484 2535 Annoeo
502 2478 632 2550 Surisca,
652 2489 682 2534 et
692 2477 791 2535 'Liscio
808 2475 924 2534 Anua’o
941 2471 1041 2545 Mela,
1064 2482 1133 2553 quta

77 2574 178 2655 inepta
196 2580 227 2632 et
243 2568 346 2632 aliena
361 2586 423 2632 esse
439 2573 530 2633 facile
547 2586 672 2648 omues,
685 2575 738 2655 qui
755 2570 1044 2654 legerunt,vldent:
1064 2582 1133 2652 quie

77 2669 180 2750 qualia
195 2671 258 2729 sint
275 2683 308 2728 nt
323 2671 473 2744 sciamus,
489 2671 529 2729 ita
546 2670 700 2752 prologus
710 2660 838 2751 incipit:
859 2693 873 2723 ιι
885 2671 975 2728 Anno
988 2666 1135 2727 tertiode⁶

80 2770 185 2828 auimo
197 2768 393 2850 Olympiadis
404 2770 517 2828 Lucius
529 2771 664 2829 danaus
676 2769 773 2830 Melas
786 2769 880 2829 irater
889 2770 1010 2828 Senecae
1020 2776 1049 2826 et
1061 2764 1136 2856 Gal·

80 2888 95 2917 a
104 2863 197 2924 lionis
209 2865 295 2924 bona
305 2864 422 2924 Lucani
435 2877 533 2946 poete
546 2864 603 2922 alii
615 2867 662 2924 sui
675 2867 825 2924 aNero'ne
837 2864 1045 2946 promeruit.»
1060 2863 1136 2920 Haee

77 2962 228 3022 verbatim
246 2962 449 3043 descriptam
469 2963 680 3045 Hieronymi),
699 2973 729 3022 et
749 2963 928 3044 turpissimo
948 2959 1063 3020 mendo
1081 2959 1133 3018 (la⁴

79 3058 221 3120 formata.
235 3061 434 3141 Legendum:
450 3067 565 3121 ranno
576 3063 669 3122 tertio
684 3062 856 3122 undeclmoe
871 3058 1069 3144 Olympiadis
1084 3074 1134 3118 su'·

80 3178 95 3209 s
105 3174 158 3238 pra
169 3156 423 3217 ducentesimam.
435 3184 450 3214 a
462 3160 521 3218 Hic
531 3172 634 3218 auton
645 3161 757 3219 lunius
768 3158 870 3218 Gallio
881 3159 912 3218 in
926 3156 1133 3217 vetustissimo

79 3253 182 3314 codice
201 3254 327 3314 Eusebii
342 3255 493 3315 Palatinae
512 3255 711 3334 Bibliothecae
730 3262 860 3319 vocatur
878 3258 987 3317 Junius
1003 3256 1136 3314 Animas
1242 3317 1246 3324 ,

81 3349 185 3412 Gallio.
204 3346 262 3411 Sed
277 3365 312 3410 ut
328 3353 366 3411 ad
384 3372 450 3410 rem
468 3354 648 3428 redeamus,
663 3353 755 3435 liujus
768 3352 947 3437 compendii
964 3370 1028 3413 non
1045 3371 1134 3434 posse

80 3463 237 3510 auctorem
253 3449 314 3509 diei
331 3444 365 3508 L.
378 3452 527 3512 Annaeum
537 3454 695 3526 Senecam,
715 3464 768 3534 aut
784 3455 818 3512 L.
837 3453 987 3513 Animum
1003 3451 1133 3524 Melam,

78 3549 209 3609 omnino
229 3547 350 3608 clarum
370 3562 424 3609 est.
440 3551 562 3610 Veteres
584 3550 713 3630 quidam
735 3551 825 3625 libri,
849 3563 885 3609 ut
909 3550 992 3609 illius
1017 3548 1135 3608 indicio

24 3652 26 3657 '
80 3645 313 3726 cognoscimus,
332 3647 575 3728 qui'prologum
596 3650 659 3708 sive
679 3661 900 3729 argumentum
920 3647 1140 3719 concinnavit,

80 3757 195 3803 nornen
207 3743 293 3802 Flori
305 3742 493 3825 adscriptum
506 3764 571 3804 non
586 3743 759 3805 habebant:
771 3746 823 3806 sed
837 3747 872 3804 in
886 3745 922 3804 iis
936 3747 1020 3805 Ltrcii
1032 3744 1142 3802 Aanoei

78 3852 142 3899 erat
153 3853 278 3900 tautum
290 3843 418 3913 mentio.
431 3841 513 3921 Ergo
527 3843 689 3922 quisnam,
701 3843 819 3923 inquit,
835 3840 951 3901 horum
965 3840 1037 3898 libri
1050 3838 1142 3919 hujus

79 3949 187 3997 auctor
202 3940 258 4010 sit,
276 3937 389 3996 Lucius
405 3937 537 3998 laneus
553 3939 684 4012 Seneca,
699 3958 739 3998 au
758 3940 873 3999 Lucius
893 3941 1026 3998 annaeus
1042 3935 1141 4007 Mela,

73 4039 230 4097 incertum
252 4035 328 4095 facit
348 4037 555 4095 communitas
574 4039 742 4097 nominum
761 4041 848 4098 Lucii
870 4051 901 4097 et
922 4040 1047 4108 Armoei;
1068 4053 1142 4093 nam
