2640 4808
377 316 381 321 ’
447 362 852 431 L.ANNAE1F1.0u1.
1137 368 1174 444 11

281 605 407 671 AETAS
429 607 488 668 Vl.
513 600 1028 668 GRAEVlo-DUKERIANA.

287 782 426 842 Graevius
435 780 585 841 nimirum
593 801 650 863 pro
661 780 841 862 suaingenii
850 790 880 840 et
889 780 1038 841 doctrinae
1047 778 1077 837 vi
1086 778 1181 840 Floro

248 882 418 964 plurimum
428 879 563 962 profuit,
573 878 699 962 ejusque
710 892 827 941 textum
838 879 968 940 sanavit.
978 879 1101 939 Novam
1111 891 1182 960 post

248 982 348 1063 ipsum
357 978 567 1039 recensionem
577 978 711 1065 instituit
720 976 1119 1039 Car.And.Dukeruscuris
1126 977 1183 1058 pri-

249 1077 305 1137 mis
315 1090 347 1138 et
357 1074 513 1150 secundis3
525 1075 611 1135 unde
622 1077 743 1157 optima
754 1074 903 1157 processit
912 1073 1020 1149 lectio,
1033 1093 1130 1153 quam
1139 1092 1184 1132 se·

249 1176 309 1236 cuti
319 1196 435 1235 sumus.
445 1175 530 1233 Inter
538 1194 591 1233 eos
600 1173 771 1233 intercessit
779 1175 872 1234 baur.
881 1173 987 1253 Begeri
998 1190 1108 1253 opera,
1121 1191 1184 1251 qua

251 1271 288 1331 ad
299 1272 377 1332 duos
387 1272 505 1354 priores
514 1269 612 1330 libros
624 1269 695 1352 plus
708 1270 903 1344 ornamenti,
915 1288 1012 1350 quam
1023 1267 1184 1328 commodi

252 1369 473 1449 collatumlest.
495 1368 665 1428 Germania
686 1380 833 1428 caeterum
853 1365 935 1428 nihil
952 1365 1017 1426 fere
1037 1365 1072 1425 in
1088 1364 1182 1426 Floro

250 1467 367 1527 edendo
382 1466 471 1541 tulit,
484 1465 544 1525 nisi
562 1464 630 1524 illas
650 1465 796 1525 Junckeri
813 1479 905 1526 notas
921 1464 961 1524 ad
977 1461 1111 1524 modum
1126 1463 1183 1523 Mi-

251 1563 350 1638 nellii,
366 1577 398 1623 et
413 1562 586 1645 Ayrmanni
598 1560 733 1643 aliasque
747 1562 964 1639 Germanicas,
980 1562 1014 1620 in
1026 1560 1100 1642 ipsis
1115 1561 1184 1620 Mu-

250 1683 352 1722 sarum
364 1661 500 1735 sedibus‚
513 1661 637 1741 Lipsiae,
652 1659 740 1719 Halae
752 1671 782 1719 et
794 1661 906 1720 Giessae
918 1659 1015 1720 editas
1027 1659 1184 1740 repetitas-

251 1780 325 1840 que3
340 1758 401 1817 nisi
413 1756 498 1839 quod
510 1758 621 1838 viginti
635 1754 747 1816 abhinc
760 1757 849 1816 annis
860 1759 910 1816 Jo.
924 1756 1007 1816 Frid.
1021 1754 1185 1815 Fischerus

252 1857 332 1938 Lips.
343 1856 539 1915 Graevianam
551 1855 761 1915 recensionem
771 1875 843 1914 curn
855 1853 937 1914 notis
947 1866 977 1913 et
986 1852 1093 1913 libello
1103 1873 1183 1913 varr.

252 1954 330 2015 lectt.
343 1953 490 2014 reddidit.

252 2052 412 2112 Graeviana
422 2072 430 2108 ι
442 2047 524 2130 Traj.
542 2049 580 2109 ad
597 2047 694 2110 Rhen.
710 2071 746 2110 ex
758 2071 873 2110 recens.
891 2049 1001 2125 Graevii
1018 2070 1089 2109 cum
1104 2049 1187 2108 notis

251 2151 313 2210 suis
330 2148 543 2210 eruditissimis
562 2161 592 2208 et
611 2146 861 2230 elegantissimis,
882 2148 995 2209 additis
1014 2149 1106 2208 variis
1126 2169 1186 2207 nu-

252 2268 375 2307 morum
393 2254 533 2304 veterum
553 2244 749 2326 aliorumque
760 2245 964 2306 iconibus‘ln
975 2243 1034 2305 bac
1049 2243 1187 2305 editione

253 2345 352 2404 multa
361 2344 442 2404 bene
454 2355 575 2418 sanata,
590 2341 689 2402 multa
702 2341 781 2403 bene
793 2343 943 2425 explicata
954 2354 984 2403 et
995 2341 1187 2424 elegantibus

254 2440 520 2520 observationibus
533 2438 694 2500 illustrata.
710 2440 769 2501 Sed
784 2440 927 2522 inprimis
941 2461 1089 2520 magnam
1104 2459 1187 2500 com·

255 2538 487 2599 mendationem
498 2536 592 2598 habet
603 2536 670 2598 baec
685 2538 780 2598 editio
798 2560 816 2597 s
832 2537 1017 2619 praefatione
1032 2551 1101 2598 tum
1118 2537 1187 2596 uni·

256 2657 353 2712 versa,
363 2649 432 2696 tum
445 2657 508 2716 qua
517 2635 610 2694 crisin
620 2633 714 2696 habet
726 2636 876 2698 orationis
888 2635 989 2695 Flori:
1000 2633 1095 2694 habet
1103 2635 1188 2694 enim

255 2733 446 2815 disciplinam
463 2731 638 2813 quamdam·
648 2733 802 2814 eleganter
809 2731 972 2814 judicandi
986 2731 1104 2793 formas
1121 2752 1189 2790 ora·

254 2831 343 2892 tionis
356 2845 387 2892 et
397 2829 594 2891 discernendi
605 2832 737 2890 tumoris
751 2830 871 2890 inanias
884 2852 956 2891 vera
968 2830 1130 2912 elegantia.

293 2929 328 2987 ln
338 2927 386 2987 his
395 2941 501 2988 autem
509 2929 617 3002 variis,
630 2928 669 2988 de
680 2927 794 3009 quibus
804 2949 912 3010 supra,
925 2939 1066 2988 veterum
1074 2947 1187 2986 numo·

256 3047 324 3084 rum
334 3027 475 3086 iconibus
482 3024 570 3113 facile
578 3025 789 3102 eminet,inde
799 3026 948 3106 inBegeri
957 3026 1051 3085 etiam
1059 3023 1188 3085 obvium

255 3123 362 3201 Floro,
375 3125 520 3184 omnium
531 3136 811 3185 monumentorum
819 3124 936 3184 Latinae
948 3123 1063 3204 linguae
1075 3143 1187 3205 prope·

256 3221 384 3282 modum
401 3223 669 3303 antiquissimum,
683 3219 825 3282 columnae
841 3234 971 3282 rostratoe
987 3222 1021 3280 in
1036 3219 1108 3281 foro
1125 3223 1188 3281 Ro-

255 3341 347 3381 mano
369 3319 490 3402 pridem
511 3321 618 3402 positae
640 3321 761 3400 imago,
781 3320 815 3378 in
838 3341 877 3380 aes
896 3320 991 3381 incisa
1007 3319 1047 3379 ad
1065 3319 1119 3379 lib.
1139 3320 1188 3396 11,

255 3439 318 3498 cap.
333 3439 365 3492 2,
380 3439 451 3478 cum
465 3419 529 3477 Pet.
542 3417 701 3478 Ciacconii
711 3416 856 3477 Toletani
870 3417 1106 3499 supplementis,
1120 3436 1188 3497 quae

255 3515 350 3575 lucem
372 3516 512 3575 viderant
534 3536 607 3575 cum
631 3512 770 3596 ejusdem
790 3514 876 3574 libris
894 3515 994 3576 tribus
1011 3514 1048 3575 de
1067 3515 1187 3590 numis‚

256 3611 442 3691 ponderibus
457 3626 487 3672 et
502 3615 652 3672 mensuris
667 3613 757 3672 Rom.
775 3612 866 3689 1586,
881 3615 975 3689 1608,
989 3625 1045 3673 etc.
1063 3613 1189 3689 (Exstat

255 3722 284 3766 et
303 3710 334 3768 in
355 3710 423 3769 Aldi
442 3711 594 3784 Manutii,
613 3710 715 3770 Paulli
737 3713 770 3770 F.
791 3711 872 3771 libro
893 3710 931 3772 de
951 3709 1189 3792 Orthographiae

256 3808 387 3883 ratione,
398 3811 506 3869 Venet.
519 3809 609 3883 1566,
623 3810 697 3868 in-8.
710 3831 741 3890 p.
755 3806 824 3884 1423
833 3810 930 3892 Lipsii
941 3808 1082 3890 Antiquis
1093 3811 1188 3869 Lectt.

257 3904 300 3978 11,
320 3903 371 3981 14,
384 3918 414 3965 et
431 3907 464 3964 in
479 3905 625 3988 Stephani
636 3905 774 3965 Vinandi
790 3905 893 3987 Pighii
909 3904 1081 3965 Annalibus
1097 3907 1187 3965 Rom.

257 4013 330 4062 tom.
352 4005 397 4078 ΙΙ,
418 4025 449 4084 p.
473 4003 529 4079 25,
551 4003 589 4062 ad
614 4005 647 4062 A.
671 4005 707 4063 U.
725 4004 758 4063 C.
780 4003 855 4082 4933
881 4025 937 4063 nec
959 4024 1023 4061 non
1048 4004 1080 4061 in
1100 4013 1186 4060 tomo
