2640 4808
211 425 232 465 x
341 428 343 432 ⁴
547 400 667 465 NOVI
690 403 927 469 EDITORIS

211 526 428 633 quidinde
437 546 651 632 sequatur:
666 529 709 603 in
723 525 927 606 laudando
938 527 1058 607 simul
1073 532 1169 608 etin
1181 537 1264 610 car-

210 651 345 758 pendo
370 653 520 728 nimius
542 653 666 728 evasit
685 653 749 727 vir
768 650 818 728 cl.
841 672 881 730 et
901 682 973 730 sua
995 653 1113 733 Floro
1135 654 1264 732 multa

212 775 476 853 circumcidit.
501 773 689 883 Aliquem
711 796 865 874 tamen,
891 798 930 854 et
950 806 1044 856 eum
1064 782 1264 884 insignem

212 927 260 975 ex
277 898 683 1006 ejus‘notis'fructum
702 903 746 976 in
765 920 875 978 textu
895 906 1038 1009 passim
1052 902 1267 1011 explanan-

111 1097 113 1103 ,
213 1023 281 1120 do,
295 1044 366 1100 aut
379 1023 616 1130 refingendo
631 1029 908 1132 excerpsimus.

266 1151 429 1226 Meritas
443 1153 563 1226 etiam
577 1131 707 1256 grates
721 1151 1166 1258 agimushabemusque
1179 1147 1268 1230 viro

95 1269 98 1281 ’
213 1267 270 1349 ill.
289 1272 392 1350 God.
412 1274 620 1371 Santouta,
636 1277 726 1378 qui,
745 1303 874 1379 quum
892 1273 1156 1381 multiplicem
1174 1303 1269 1381 ope-

213 1425 300 1472 ram
320 1415 360 1473 et
377 1398 741 1503 praestantissimam
758 1397 1028 1476 eruditionem
1043 1402 1088 1475 in
1104 1399 1269 1476 histori·
1290 1457 1292 1461 -

193 1612 195 1616 Α
214 1550 279 1599 cos
300 1523 461 1601 Latinos
473 1525 558 1630 jam
575 1519 711 1598 multis
729 1521 878 1600 abhinc
897 1527 1013 1600 annis
1033 1511 1267 1620 contulerit,

138 1640 141 1645 ’
215 1647 526 1754 Florumnuper
542 1677 595 1727 ex,
603 1650 762 1753 optimis
777 1658 816 1724 et
827 1646 1013 1755 pluribus
1027 1647 1159 1746 libris,
1176 1649 1271 1727 suh·

212 1775 356 1880 juncta
371 1771 615 1849 Dukerianae
631 1769 813 1857 lectionis
827 1771 1072 1870 diversitate,
1091 1771 1280 1878 diligen-

216 1900 368 1993 tissime
393 1900 603 1974 recensuit.
632 1894 743 1974 Nihil
759 1898 937 2002 *quidem
957 1897 1035 1975 hoc
1058 1916 1169 1974 textu
1190 1896 1273 2005 ple-

217 2022 312 2098 nius
333 2040 403 2096 aut
424 2018 672 2096 emendatius
694 2023 825 2097 visum
847 2042 929 2098 est:
955 2024 1112 2097 utinam
1136 2041 1272 2098 autem

209 2146 283 2219 «vir
296 2143 612 2223 eruditissimus
601 2173 645 2220 m
657 2163 768 2220 textu
782 2147 925 2251 saepius
939 2145 1177 2250 corrigendo
1192 2172 1275 2251 qua

220 2285 635 2364 n1taturauctor1tate
646 2267 825 2344 indicare
835 2296 919 2345 non
932 2266 1141 2346 omisisset!
1154 2270 1277 2345 Nem·

221 2368 394 2513 peltana
403 2390 585 2496 dircen]7
578 2386 680 2479 licet
682 2412 793 2485 tanta
805 2390 1014 2468 literarum
1029 2414 1068 2469 et
1082 2391 1275 2469 doctrinae

222 2490 362 2619 gloria
366 2487 733 2612 circumfluentem
756 2518 870 2618 sequi
892 2535 1025 2591 tamen
1045 2545 1129 2592 non
1156 2536 1277 2592 ausus
1289 2516 1298 2558 ·'

223 2666 314 2713 sum
330 2616 419 2734 illi}
428 2658 495 2728 ut,
481 2627 553 2714 ·ita
568 2639 717 2735 dicam,
732 2638 944 2717 tenebroso
961 2659 1001 2716 et
1012 2639 1274 2716 subterraneo

200 2838 201 2842 ,
224 2754 654 2863 umeretncedentem
675 2766 819 2841 Doctos
834 2763 1022 2870 equidem
1042 2761 1128 2841 colo
1146 2791 1192 2839 ac
1205 2791 1277 2841 vc·-

226 2915 361 2984 neror‚
362 2879 489 2965 sed
466 2884 639 2996 mitqt's
604 2918 639 2965 α,
633 2894 727 2966 nica
743 2887 811 2965 lux
827 2908 866 2964 et
879 2893 1030 2966 veritas.

280 3016 487 3121 Denique,
512 3035 559 3091 ut
578 3017 699 3092 totius
717 3016 846 3120 operis
863 3042 1076 3110 summam,
1103 3012 1280 3118 benigne

203 3143 383 3239 Lector,
405 3141 610 3249 planchia
627 3138 752 3218 oculis
773 3143 853 3216 tuis
874 3140 1129 3246 objiciamus,
1155 3138 1282 3217 hahes

226 3264 473 3370 primumde
492 3269 607 3341 Floro
627 3268 856 3374 Testimonia
873 3283 914 3340 et
928 3263 1080 3342 Judicia
1098 3282 1283 3340 veterum

227 3387 592 3492 recentiorumque,
603 3407 690 3463 tum
699 3389 852 3483 Latine,
860 3407 946 3463 tum
956 3384 1109 3462 Gallice
1117 3388 1283 3491 scripta:

202 3509 203 3513 ¹
227 3520 273 3593 in
301 3514 451 3620 quibus
475 3516 594 3590 variae
625 3513 674 3588 de
703 3511 819 3589 Floro
847 3512 1142 3615 disquisitiones
1169 3511 1285 3615 quasi

230 3645 274 3718 in
293 3638 430 3716 tabula
450 3631 667 3744 dispositae,
684 3665 845 3715 omnem
864 3640 1024 3743 penitus
1042 3663 1127 3711 rem
1146 3637 1201 3709 ita
1221 3662 1288 3710 ex-

153 3763 155 3767 ’
232 3783 462 3860 euaserunt,
498 3759 553 3839 ut¹
571 3766 686 3839 istam
714 3764 920 3838 materiem
949 3761 1024 3837 hac
1052 3759 1287 3865 praefatione

233 3890 425 3997 aggredir
435 3892 538 3967 siout
551 3917 671 3995 supra
688 3890 768 3994 jam
783 3888 936 3963 dictum
951 3904 1026 3980 est,
1042 3887 1208 3964 omnino
1221 3912 1289 3960 su-

234 4044 479 4124 pervacuum
488 4015 815 4121 judicaverimus.
831 4013 1022 4116 Sequitur
1036 4027 1226 4116 protenus
1241 4035 1289 4083 ex
