2640 4808
207 441 246 482 aa
610 414 672 478 DE
695 413 855 478 FLORO

204 536 413 622 quarumdam
431 536 657 617 epitomarum,
677 537 843 616 partimin
861 533 982 609 medio,
1002 536 1118 616 partim
1136 536 1171 594 in
1186 534 1262 598 fine.

205 639 250 703 Ea
271 645 381 695 cuncta
403 646 476 694 sunt
496 631 666 714 ejusmodi,
686 646 722 693 ut
742 635 767 692 si
787 654 877 694 aures
898 653 1072 714 nasumque
1092 630 1263 710 adhibeas,

205 746 345 793 actutum
359 728 460 812 jures,
473 751 539 790 non
550 730 689 812 potuisse
699 727 766 791 hoec
779 731 928 807 scribere,
940 730 996 812 qui
1010 742 1120 790 caetera
1131 731 1262 813 scripsit.

204 832 285 890 Nam
303 842 339 889 ut
353 827 421 888 haec
438 827 553 904 latina,
571 850 663 904 sana,
682 829 800 905 sobria,
819 842 912 911 apta,
928 829 1082 910 vigentia,
1099 830 1264 911 ingeniosa

205 939 293 1001 sunt,
306 928 349 986 ita
363 924 418 986 illa
432 924 562 1001 soloeca,
576 925 800 1001 redundantia,
811 926 956 1001 ridicula,
969 927 1090 1007 inepta,
1103 925 1216 1004 stulta,
1227 941 1265 989 ut

205 1045 272 1084 non
294 1024 395 1084 dicam
418 1025 545 1099 insana,
567 1026 830 1106 reperiuntur....
853 1023 932 1101 Quis
950 1045 1018 1085 non
1035 1025 1184 1100 miretur,
1206 1023 1265 1086 has

205 1122 310 1182 sordes
320 1143 378 1205 per
387 1134 434 1183 tot
444 1122 556 1183 saecula
567 1124 699 1183 auctoris
709 1123 808 1183 nostri
818 1135 936 1183 textum
946 1123 1138 1203 inquinasse,
1151 1125 1233 1204 quin
1245 1146 1264 1184 a

204 1240 367 1302 quoquam
382 1217 575 1300 ejicerentur.
593 1222 656 1280 Nec
672 1219 765 1281 facile
776 1223 941 1302 qnisquam
956 1219 1083 1295 dixerit,
1098 1220 1262 1302 quomodo

205 1316 323 1386 factum
335 1319 389 1394 sit,
401 1331 436 1377 ut
447 1319 521 1379 inde
532 1341 550 1378 a
561 1332 627 1377 tam
639 1320 773 1400 antiquis
783 1320 978 1402 temporibus
991 1317 1058 1378 haec
1069 1333 1265 1399 nugamenta

206 1437 277 1475 cum
290 1415 372 1476 Flori
384 1436 479 1497 opere
490 1414 624 1474 fideliter
633 1414 800 1498 descripta,
808 1417 894 1477 viam
908 1416 949 1476 ad
958 1436 1017 1475 nos
1028 1437 1127 1498 usque
1137 1416 1265 1476 invena-

206 1515 283 1589 rint,
297 1514 358 1573 nisi
368 1515 496 1594 insuper
505 1500 685 1593 cogitemus,
696 1513 899 1595 impostorem
909 1515 1003 1573 istum
1011 1535 1068 1596 per
1077 1513 1215 1594 aliquem
1226 1513 1265 1573 li-

206 1611 346 1671 brarium
354 1609 600 1692 etbibliopolam
608 1631 725 1669 novam
732 1632 857 1692 quoque
864 1610 950 1670 Flori
960 1632 1034 1670 cum
1044 1610 1265 1674 additamentis

207 1711 268 1768 suis
278 1707 450 1767 editionem
460 1728 594 1782 curasse,
605 1720 697 1789 atque
707 1710 750 1767 ita
760 1706 845 1767 hunc
854 1707 970 1768 librum
979 1707 1053 1769 inde
1060 1708 1100 1767 ab
1108 1709 1264 1769 Hadriani

207 1806 399 1888 temporibus
418 1807 452 1865 in
473 1805 563 1866 ltalia
581 1818 611 1864 et
628 1827 684 1886 per
704 1807 879 1887 provincias
896 1806 1081 1889 plerumque
1098 1819 1225 1867 tantum
1245 1828 1265 1866 a

207 1904 309 1986 pueris
329 1916 360 1962 et
377 1902 546 1982 juvenibus
565 1900 756 1979 lectitatum,
774 1904 807 1962 in
826 1924 997 1986 eorumque
1017 1905 1150 1969 maxime
1171 1925 1266 1964 usum

208 2001 412 2080 descriptum,
424 2000 567 2059 transisse
579 1998 619 2058 ad
632 2013 788 2081 posteros,
802 2020 838 2059 ea
849 2000 1014 2083 paullatim
1024 2000 1142 2081 linguae
1151 2000 1266 2061 barba-

208 2099 252 2156 rie
268 2094 415 2171 infectos,
435 2108 472 2154 ut
491 2096 597 2155 multis
618 2096 736 2156 saeculis
757 2096 930 2157 discernere
953 2098 1171 2179 nequiverint,
1187 2097 1265 2180 quid

209 2215 322 2254 aurum
346 2192 501 2253 orichalco
523 2193 683 2254 distet...
708 2196 782 2254 Post
804 2208 926 2256 renatas
948 2195 1076 2256 tandem
1099 2194 1265 2270 initalia,

209 2292 403 2375 diffusasque
421 2313 477 2375 per
495 2291 570 2352 alias
590 2295 724 2374 Europae
741 2294 882 2374 regiones
896 2294 1017 2369 literas,
1036 2293 1196 2376 legebatur
1212 2293 1266 2354 ille

210 2391 337 2474 quidem
351 2391 456 2451 denuo
468 2412 487 2450 a
498 2392 572 2450 viris
583 2389 711 2450 literatis
722 2403 753 2455 et
765 2391 875 2470 doctis,
888 2405 919 2453 et
935 2393 974 2452 ab
990 2392 1143 2473 elegantia
1159 2393 1265 2451 Latini

209 2490 360 2549 sermonis
378 2487 464 2548 haud
482 2509 608 2570 prorsus
627 2488 753 2563 alienis,
766 2511 876 2549 verum
892 2491 926 2549 in
942 2491 1048 2550 critica
1067 2503 1133 2548 arte
1151 2511 1264 2570 parum

210 2587 383 2647 admodum
402 2587 537 2646 versatis.
557 2587 682 2646 Horum
702 2608 769 2647 non
792 2590 884 2671 pauci
905 2609 1026 2663 naevos,
1048 2608 1127 2669 quos
1149 2589 1183 2645 in
1206 2585 1266 2647 hoc

209 2679 300 2767 opere
313 2682 602 2766 deprehendebant,
616 2686 737 2744 auctori
752 2685 812 2768 ipsi
825 2686 1041 2768 imputabant,
1055 2705 1148 2765 quem
1163 2703 1266 2766 prooe-

210 2783 311 2842 mium
336 2781 560 2863 interpolatum
583 2782 738 2843 fatebatur
765 2785 878 2845 seriore
901 2796 972 2866 post
999 2781 1171 2863 Trajauum
1196 2802 1264 2842 aevo

209 2883 329 2942 vixisse.
342 2882 402 2941 Alii
414 2882 514 2942 acrius
526 2880 687 2966 aliquanto
700 2896 873 2958 cernentes,
884 2895 937 2942 aut
946 2883 1051 2964 potius
1060 2881 1265 2963 suspicantes,

210 3001 276 3040 non
292 2979 449 3043 audebant
462 2993 567 3041 tamen
580 2979 737 3039 codicibus
752 2982 832 3040 inter
848 3001 879 3038 se
895 2978 1157 3039 consentientibus
1168 2977 1266 3039 fidem

211 3091 240 3138 et
257 3079 473 3139 auctoritatem
488 3078 647 3160 derogare.
663 3077 847 3154 Accedebat,
862 3079 948 3158 quod
962 3089 1032 3160 post
1044 3076 1152 3150 illum,
1169 3097 1266 3157 quem

209 3175 358 3251 diximus,
380 3176 510 3237 sciolum
531 3176 772 3236 adulteratorem
793 3178 909 3257 operis,
929 3176 1104 3257 insequenti
1124 3188 1267 3256 tempore

210 3273 276 3349 alii,
289 3275 372 3357 iique
383 3277 579 3356 potissimum
589 3274 709 3335 librarii
720 3286 750 3334 et
758 3276 881 3350 scribae,
890 3275 1021 3335 vulnera
1030 3273 1090 3333 alia
1103 3272 1266 3355 complura

211 3370 282 3431 huic
301 3371 451 3454 opusculo
466 3371 659 3448 indixerant,
673 3372 750 3432 dum
762 3373 809 3449 id,
828 3395 894 3433 non
912 3371 1116 3451 intelligentes
1130 3372 1267 3430 auctoris

210 3468 416 3546 methodum,
436 3472 469 3528 in
492 3469 588 3530 libros
613 3483 642 3530 et
667 3473 768 3554 capita
793 3470 982 3545 dividerent,
1006 3492 1068 3551 qua
1091 3470 1267 3528 mutatione

211 3569 328 3651 priores
344 3566 413 3625 duae
428 3563 540 3648 populi
555 3568 691 3627 Romani
705 3580 809 3627 aetates
820 3569 854 3627 in
868 3569 1005 3650 primum
1021 3566 1139 3625 librum
1153 3586 1266 3625 conve·

211 3666 355 3739 niebant,
370 3664 460 3725 tertia
472 3676 545 3724 aetas
561 3667 595 3724 in
607 3679 767 3748 sequentes
777 3680 837 3726 tres
848 3665 945 3727 libros
960 3668 1002 3725 ita
1015 3662 1219 3739 dividebatur,
1232 3680 1268 3723 ut

211 3761 289 3823 fines
307 3762 461 3823 librorum
481 3765 586 3823 rerrlm
607 3767 774 3825 momentis
792 3785 989 3847 nequaquam
1011 3784 1081 3846 apte
1099 3763 1267 3844 responde·

211 3875 294 3937 rent,
304 3873 334 3920 et
344 3861 490 3922 saeculum
498 3863 629 3944 Augusti
639 3864 816 3946 appendicis
826 3885 878 3924 seu
889 3863 1047 3924 coronidis
1058 3862 1268 3922 characterem

213 3979 337 4041 prorsus
356 3958 507 4041 perderet.
525 3960 677 4033 lneruditi
693 3982 789 4043 porro
805 3962 946 4036 lectores,
962 3960 1070 4041 glossis
1089 3960 1149 4018 suis
1168 3973 1198 4018 et
1214 3958 1268 4020 ad-

214 4060 401 4118 notamentis
414 4060 557 4119 codicum
570 4061 739 4142 margines,
753 4073 807 4122 aut
818 4060 1025 4121 interlinearis
1038 4059 1136 4140 spatia
1153 4061 1270 4140 resperss
