2640 4808
269 420 578 487 TESTIMONIA
602 423 664 487 ET
685 423 897 488 JUDICIA.
1066 446 1103 488 21

57 544 323 628 comparationem
343 546 475 626 scriptor
495 545 596 628 operis
618 547 737 618 nostri,
762 545 958 607 considerata
980 550 1110 607 materia

57 642 248 724 consilioque
259 639 342 722 ejus,
358 663 430 702 cum
442 643 552 722 quovis
565 643 626 702 alio
641 663 740 703 aureae
754 644 849 703 atatis
865 644 1029 726 scriptore,
1043 665 1110 704 uon

56 741 148 800 modo
166 738 347 814 admittere,
360 738 413 799 sed
427 741 521 799 etiam
536 741 687 801 sustinere
703 741 799 823 possit
805 783 1110 802 ................

90 837 252 914 Quoniam
274 857 350 896 vero
376 836 502 912 accidit,
526 847 562 896 ut
586 836 672 897 Flori
695 838 951 920 compendiosum
973 836 1110 898 historias

54 957 128 1019 opus
139 935 274 1018 posteris
284 935 481 1016 temporibus
498 934 575 995 adeo
588 933 824 1012 deformaretur,
837 949 873 996 ut
888 935 981 996 nobis
997 935 1110 996 Flonn

55 1036 169 1118 inipso
186 1033 283 1094 Floro
298 1033 483 1116 quaerendus
495 1047 588 1109 esset,
605 1036 810 1095 necessarium
827 1048 890 1109 est,
907 1045 942 1094 ut
957 1047 988 1094 et
1003 1034 1042 1094 de
1060 1033 1109 1094 his

54 1130 236 1214 corruptelis
249 1152 351 1213 panca
363 1131 458 1192 verba
469 1130 621 1192 faciamus
623 1174 1109 1193 .........................

87 1229 131 1290 Ac
142 1227 270 1288 videtur
281 1225 433 1308 ejusmodi
450 1240 565 1288 sortem
578 1229 679 1310 operis
695 1229 743 1287 sui
755 1228 866 1288 Florus
880 1231 945 1311 ipse
958 1229 1110 1309 quadam·

54 1339 139 1388 tenus
156 1327 361 1409 prospexisse.
379 1326 609 1408 compendium
624 1325 765 1386 historiae
782 1329 931 1391 Romanae
944 1350 962 1387 a
972 1326 1107 1387 Romulo

55 1427 249 1487 iuCaesarem
261 1427 448 1506 Augustum,
460 1423 637 1506 cujusmodi
648 1424 700 1485 ille
714 1427 903 1508 composuit,
916 1424 1001 1485 haud
1013 1425 1108 1485 dubie

55 1525 140 1585 multi
157 1525 242 1585 inter
253 1525 412 1584 Romanos
430 1536 500 1606 post
511 1525 591 1583 Livii
605 1523 757 1584 diffusum
770 1546 848 1606 opus
865 1525 976 1606 cupide
986 1535 1109 1606 exopta·

55 1634 166 1682 verant.
183 1623 295 1702 Itaque
310 1620 504 1703 praevidebat
521 1634 646 1697 auctor,
663 1621 780 1682 librum
797 1643 888 1681 suum
905 1643 923 1680 a
940 1635 1107 1704 praecepto-

55 1718 132 1779 ribus
154 1739 232 1778 mox
252 1729 439 1799 occupatum
462 1717 517 1793 iri,
535 1740 628 1799 quem
646 1719 749 1800 pueris
772 1740 807 1778 ex
828 1719 1052 1778 consuetudine
1073 1719 1107 1778 in

56 1813 160 1876 scholis
180 1804 336 1895 lbgerent,
353 1812 521 1895 juvenibus
542 1829 748 1895 enarrarents
761 1814 953 1895 sciebatque,
974 1815 1008 1872 in
1025 1812 1106 1893 ejus·

55 1912 135 1972 modi
156 1910 306 1996 operibus
325 1911 572 1972 commentandis
590 1912 706 1972 multos
725 1912 784 1972 sibi
802 1912 901 1972 multa
918 1913 1104 1994 permittere.

54 2009 219 2094 Propterea
232 2011 276 2070 sic
290 2029 368 2091 opus
384 2009 533 2084 instituit,
550 2010 593 2068 sic
611 2009 715 2068 divisit
731 2021 761 2069 et
779 2010 969 2091 suppartitus
985 2020 1045 2085 est,
1064 2010 1105 2069 sic

55 2108 202 2167 mensuris
212 2104 402 2187 quibusdam
411 2127 446 2165 ac
458 2107 594 2187 repetitis
606 2106 750 2166 formulis
762 2107 905 2182 accinxit,
918 2118 968 2182 ut,
981 2105 1058 2165 dum
1069 2106 1105 2165 in

55 2202 177 2267 historia
188 2205 344 2266 tradenda
355 2206 538 2265 memoriam
551 2205 734 2265 discentium
745 2203 883 2286 juvaret,
900 2206 1105 2285 animumque

55 2304 265 2364 enarrantium
279 2302 437 2377 excitaret,
453 2315 559 2362 tamen
575 2303 610 2361 in
623 2303 820 2362 universitate
834 2300 940 2364 formae
956 2323 1019 2362 suae
1036 2323 1103 2363 non

55 2399 136 2462 facile
145 2424 165 2462 a
174 2421 340 2483 quoquam
349 2401 510 2483 corrumpi
521 2422 557 2460 ac
568 2402 701 2482 perverti
712 2412 822 2484 posset.
834 2402 978 2461 Attamen
990 2400 1103 2460 sciolus

55 2498 177 2581 aliquis,
191 2499 254 2558 sive
269 2499 295 2557 is
312 2497 512 2576 declamator,
527 2499 591 2558 sive
602 2498 817 2559 declamatoris
828 2497 909 2558 male
923 2499 1107 2578 ingeniosus

10 2618 12 2623 ·
55 2592 219 2679 discipulus
231 2593 306 2673 fuit,
319 2617 429 2678 quem,
442 2597 528 2676 quod
540 2596 605 2678 ipse
619 2595 737 2680 prodit,
754 2595 846 2656 credo
863 2597 942 2656 circa
956 2592 1101 2674 Trajani,

56 2693 220 2770 Hadriani,
237 2706 292 2754 aut
310 2695 545 2755 Antoninorum
561 2715 663 2754 aevum
680 2695 804 2770 vixisse,
822 2695 929 2755 sumsit
947 2692 1008 2753 hoc
1024 2694 1100 2769 sibi,

10 2820 12 2827 ·
55 2803 83 2851 ut
97 2792 186 2853 Flori
207 2792 429 2874 compendium
445 2793 479 2851 in
496 2814 551 2852 sua
563 2814 661 2874 usque
675 2807 817 2875 tempora
832 2792 984 2852 deducere
1000 2791 1100 2852 vellet.

10 2898 12 2971 J
54 2887 225 2971 lsproinde
236 2890 340 2949 statim
355 2891 507 2972 prooemio
520 2889 663 2971 quaedam
679 2892 788 2965 assuit,
804 2890 1031 2972 qui-bustetates
1048 2910 1102 2970 po.
1155 2956 1166 2976 Ι

10 3016 12 3023 ·
54 2987 113 3066 puli
125 2988 263 3048 Romani
278 3009 344 3048 non
359 3002 436 3060 tres,
451 3000 487 3047 ut
501 2989 612 3048 Florus
627 2987 757 3062 fecerat,
771 2987 824 3048 sed
838 3000 984 3069 quatuor,
993 2999 1031 3049 et
1050 2986 1100 3046 de·

55 3082 177 3145 ductum
196 3106 276 3167 opus
294 3085 448 3165 usquead
469 3106 557 3145 suam
575 3098 696 3145 aetatem
714 3084 874 3146 indicaret.
891 3083 973 3143 Male
995 3094 1101 3143 tamen

10 3172 12 3185 Ι
54 3183 171 3243 ridetur
187 3184 310 3244 cessisse
329 3181 393 3244 baec
413 3206 524 3266 opera,
544 3185 688 3264 intraque
705 3185 903 3266 propositum
921 3182 1102 3245 substitisse.

55 3281 88 3340 ic
96 3281 297 3357 crediderim,
308 3281 480 3358 eum,.dum
490 3283 590 3365 operis
600 3283 869 3343 continuationem
878 3295 981 3342 mente
994 3283 1102 3342 etiam-

55 3375 123 3439 dum
141 3380 290 3460 agitaret,
307 3380 527 3461 Epitomasque
544 3400 562 3437 a
579 3380 733 3461 principio
751 3380 860 3461 saepius
876 3378 1039 3460 relegeret,
1056 3380 1103 3442 in·.
1200 3386 1203 3391 ’

54 3472 128 3536 felici
143 3475 267 3551 studio,
282 3476 346 3536 imo
362 3478 486 3558 pruritu
501 3475 674 3558 potius,ad
686 3476 718 3534 id
736 3476 906 3551 devenisse,
923 3490 958 3536 ut
972 3474 1101 3537 Florum

10 3652 12 3659 Ι
55 3569 86 3632 de
98 3594 156 3637 suo
174 3573 302 3653 ingenio
318 3593 446 3654 augere,
459 3588 488 3633 et
502 3572 550 3632 vel
568 3573 661 3632 etiam
677 3572 944 3654 reddere·cuperet
962 3571 1102 3632 floridio·

55 3689 121 3729 rem.
139 3670 250 3750 Itaque
266 3669 394 3729 diversis
415 3671 448 3729 in
465 3669 544 3731 locis
565 3667 679 3749 adjecit
695 3671 814 3729 auctori
834 3662 953 3752 aliquid
968 3670 1101 3752 proprias

53 3764 259 3847 loquacitatis,
271 3765 402 3827 mirifice
414 3768 530 3842 inanis3
544 3787 785 3848 nonnumquam
795 3779 838 3843 et,
851 3768 928 3828 dum
942 3768 1033 3827 rebus
1047 3766 1102 3826 ad-

54 3861 117 3924 dere
127 3863 274 3946 quaedam
285 3863 404 3937 studet,
416 3877 519 3946 aperte
530 3863 624 3938 falsa,
638 3876 692 3924 aut
703 3863 810 3924 saltem
823 3864 863 3924 ad
875 3885 939 3925 rem
953 3885 1020 3923 non
1032 3886 1104 3946 per-

10 3970 12 3979 '
54 3960 175 4022 tinentia
192 3960 416 4044 agglutinavit3
430 3961 567 4044 denique
584 3961 678 4021 etiam
695 3961 905 4022 declamatorii
925 3961 1055 4021 tumoris
1071 3973 1102 4020 et

54 4060 188 4143 strepitus
200 4058 399 4142 plenissimos
413 4058 497 4120 locos
514 4060 669 4143 appinxit:
689 4060 782 4142 idque
794 4058 865 4121 fecit
877 4061 991 4144 partim
1008 4060 1101 4120 initio
