2640 4808
436 397 473 460 L.
498 397 657 458 ANNAEl
682 394 841 460 FLORl.
1024 393 1027 399 ’
1124 400 1165 465 33

235 547 250 578 ιι
260 532 343 582 runt.
356 517 450 596 Quod
462 530 528 579 arte
539 539 594 578 sua
606 519 699 579 Conr.
712 518 848 579 Gallicus
858 519 892 578 in
905 518 1001 601 opido
1012 522 1170 602 Liptzensi

234 644 249 676 α
261 617 390 702 perfecit
398 605 456 677 x'11
464 616 588 676 kalend.
598 618 617 676 J
618 616 701 693 unii,
712 637 796 676 enno
807 616 913 677 salutis
924 617 1170 679 MCCCCLXXX

236 741 252 773 e
261 717 392 800 septimo
400 759 409 790 ‚
417 712 490 790 inq.
498 740 512 769 i
522 715 569 773 Ex
578 712 656 774 Cod.
666 713 729 773 MS.
741 713 833 775 ducta
843 713 957 774 multas
967 713 1062 776 habet
1070 717 1172 779 lectio-

234 837 288 876 nes
301 815 461 898 proprias,
477 832 546 894 quae
558 811 606 872 vel
620 809 740 871 Aldinae
752 800 947 894 putabontur
959 813 1102 891 anero,
1122 817 1172 876 vel

237 915 271 972 in
285 911 352 972 aliis
365 910 436 971 edd.
451 908 538 971 haud
548 909 755 994 reperiuntur.
768 909 862 970 Plura
874 908 981 971 dehac
993 910 1068 972 edit.
1082 911 1174 974 affert

236 1011 336 1070 clarus
349 1010 374 1070 1.
386 1010 438 1070 Fr.
449 1006 627 1078 Fischcrus,
641 1008 675 1066 in
684 1005 771 1090 praef.
785 1007 825 1067 ad
836 1007 920 1069 Flor.
930 1032 962 1091 p.
974 1009 1033 1093 xxij
1047 1023 1078 1070 et
1087 1033 1171 1094 seqq.

129 1107 219 1190 (1490)
234 1109 269 1168 L.
284 1108 365 1167 Ann.
379 1105 465 1166 Flori
480 1116 639 1186 gestorum
657 1106 875 1165 Romanorum
893 1104 1054 1188 epithoma
1072 1130 1108 1169 ex
1128 1131 1174 1169 ro-

237 1205 382 1265 censione
404 1201 544 1285 Philippi
562 1199 705 1262 Beroaldi
727 1201 829 1276 Senis,
850 1223 904 1284 per
924 1202 1045 1285 Sigism.
1063 1208 1120 1266 Rot
1138 1207 1175 1268 de

238 1306 317 1378 Biia,
331 1299 406 1377 ind.
425 1299 524 1361 Catal.
540 1299 616 1360 bibl.
634 1297 721 1358 ducis
734 1297 769 1359 de
785 1296 815 1358 la
828 1302 859 1363 V
856 1297 969 1377 altine,
984 1324 1014 1383 p.
1030 1304 1062 1378 1,
1075 1317 1097 1364 t.
1114 1304 1174 1380 Ill,

238 1423 269 1461 n.
285 1399 377 1483 4870.
463 1454 470 1463 ,
918 1443 924 1457 .
1089 1411 1095 1438 ¹

135 1542 226 1558 ......
236 1499 305 1558 Sine
319 1497 393 1558 loco
406 1507 436 1557 et
451 1517 536 1562 anno
553 1498 693 1557 lustinus
708 1509 738 1556 et
751 1495 859 1557 Florus
877 1520 895 1558 a
910 1500 1017 1559 Marco
1033 1498 1172 1559 Antonio

241 1595 391 1658 Sabellico
406 1595 568 1677 recogniti.
582 1597 619 1654 In
633 1594 696 1655 fine
710 1609 872 1676 sequentes
888 1596 1037 1679 leguntur
1047 1619 1173 1658 versus:

263 1736 350 1785 Aurea
361 1733 458 1784 Justini
468 1730 588 1801 Lucique
601 1729 766 1800 epithemata
776 1733 856 1782 Frons

297 1823 357 1873 AEre
369 1819 419 1872 tibi
430 1818 537 1871 modico
551 1817 664 1870 candide
675 1819 759 1870 lector
770 1837 843 1869 eme:

265 1908 405 1964 contrahit
416 1910 466 1960 iste
477 1909 531 1959 Titi
542 1924 686 1960 numerosa
698 1906 832 1958 volumina
843 1908 916 1971 Livi,

298 1999 419 2069 Pompeii
429 1996 553 2049 historias
566 1995 666 2066 colligit
677 1994 722 2048 ille
733 1996 823 2065 Trogi.

265 2089 353 2157 Quem
362 2087 433 2139 bene
442 2089 594 2156 conjuncti:
605 2104 720 2156 namque
729 2083 773 2136 hic
783 2083 830 2136 ubi
839 2083 949 2150 desinit,
959 2083 1003 2136 ille

299 2176 410 2247 Incipit:
424 2186 505 2245 atque
515 2192 599 2225 unum
610 2193 680 2245 pene
691 2172 795 2224 videtur
807 2191 884 2245 opus.

263 2267 321 2318 Rite
332 2264 487 2335 recognovit
499 2281 567 2333 quos
578 2264 742 2315 Justinianus
754 2262 788 2313 nd
799 2280 916 2334 unguem

298 2355 444 2424 Romanus.
457 2351 529 2404 Felix
540 2350 626 2403 lector
639 2353 723 2403 amice
734 2351 810 2402 Vale.

245 2484 337 2545 Conf.
353 2482 450 2544 Gatal.
463 2482 541 2542 Bibl.
559 2479 735 2565 Uffinbaclt.
752 2493 773 2540 t.
791 2480 837 2556 ΙΙ,
851 2481 1013 2562 Appendix
1029 2481 1057 2541 ll
1074 2480 1112 2540 de
1128 2483 1179 2541 ln-

245 2583 357 2645 cunab.
372 2582 448 2642 artis
459 2593 584 2664 typogr.
598 2601 631 2639 n.
644 2577 713 2654 341.
777 2565 782 2577 ’

124 2680 206 2763 ἰ493
248 2683 390 2754 Veneriis,
408 2700 456 2760 ap.
472 2678 633 2751 Pindum,
649 2674 751 2735 in-fol.

140 2777 207 2861 1494
245 2778 400 2861 Lipsiensis
410 2777 456 2852 ΙΙ,
473 2795 510 2834 ex
528 2772 609 2834 offic.
626 2774 755 2833 Martini
774 2773 1008 2856 Herbipolensis
1024 2777 1057 2834 in
1074 2774 1180 2835 charta

245 2897 326 2937 max.
341 2873 461 2936 editore
472 2875 537 2933 lac.
550 2869 727 2952 Baryntho‚
739 2873 774 2932 A.
787 2874 820 2930 L.
833 2872 893 2946 M„
908 2873 962 2952 qui
976 2874 1132 2958 inscripsit
1141 2874 1180 2933 li·

246 2973 340 3034 brum
351 2973 401 3031 lo.
412 2969 559 3030 Vildenio
571 2971 604 3027 L.
618 2968 656 3027 D.
671 2982 701 3026 et
711 2968 780 3028 sen.
795 2968 877 3050 Lips.
890 2969 1044 3049 Repetitio
1056 2972 1181 3052 primes,

247 3071 299 3132 sed
312 3068 558 3131 mendosissime.
897 3078 901 3087 '

137 3168 205 3252 ¹l97
250 3169 390 3244 Venonis,
408 3165 507 3227 in-fol.

134 3311 234 3329 ......
245 3266 399 3349 lipsiensis
410 3264 469 3338 111,
480 3263 546 3322 sine
555 3284 640 3323 anno
653 3284 689 3323 ex
701 3262 757 3323 off.
771 3264 834 3322 Jac.
847 3262 1024 3337 Thanneri,
1037 3284 1106 3343 quae
1115 3264 1181 3324 Fis-

249 3361 340 3424 chero
352 3362 438 3446 prior
447 3359 571 3421 videtur
580 3357 634 3418 illa
643 3359 793 3442 Barynthi
803 3383 811 3435 3
821 3359 996 3441 multasque
1008 3380 1074 3419 non
1085 3361 1181 3421 modo

248 3479 429 3521 communes
442 3479 514 3517 cum
525 3457 675 3539 Lipsiensi
688 3457 718 3530 1,
733 3456 785 3517 sed
801 3470 830 3516 et
844 3457 989 3540 proprias
999 3477 1110 3537 easque
1123 3459 1182 3518 bo·

248 3580 303 3619 nas
316 3557 465 3618 lectiones
475 3553 585 3630 habet,
604 3553 681 3614 adeo
696 3567 731 3613 ut
744 3576 760 3614 e
774 3555 836 3614 MS.
851 3554 1015 3616 emendata
1030 3555 1182 3618 videatur.

135 3661 206 3720 1502
248 3654 413 3717 Mediolani
422 3675 459 3714 ex
470 3652 526 3714 off.
537 3653 721 3728 Minutiani,
732 3651 832 3712 infol.
842 3651 984 3734 Adjectus
994 3667 1038 3713 est
1046 3651 1183 3716 historiis

246 3753 379 3828 Justini3
390 3772 487 3835 quam
500 3749 574 3810 edit.
585 3749 669 3809 solus
679 3762 831 3809 memorat
842 3749 1002 3810 Fischerus
1012 3750 1033 3810 l.
1047 3772 1072 3812 c.
1087 3772 1118 3832 p.
1132 3773 1181 3835 27.

134 3852 209 3913 1506
249 3851 361 3911 Florus
379 3847 505 3930 junctus
521 3847 644 3907 Justino
663 3867 736 3907 cum
757 3844 861 3906 Plinio
877 3847 951 3926 (seu
967 3848 1041 3906 Aur.
1058 3849 1183 3908 Victore

250 3948 369 4031 potius)
380 3945 420 4008 de
431 3945 513 4005 Viris
525 3943 717 4019 lllustr'ibus,
727 3944 804 4018 in-lp.

134 4047 206 4127 1507
228 4047 262 4105 L.
278 4045 365 4107 Flori
384 4042 531 4123 Epitome
547 4039 713 4122 subjuncta
731 4042 847 4102 Justini
866 4040 1005 4102 historiis
1025 4062 1060 4100 cx
1079 4045 1181 4121 Trogo

1042 4138 1058 4191 3
