2640 4808
207 398 224 474 A
251 422 256 432 ¹
611 397 672 460 DE
696 397 856 462 FLORO

206 543 219 572 ιι
229 518 388 591 consules,
403 538 461 577 200
473 536 573 576 annos
590 515 699 593 hahet,
715 519 827 599 quibus
839 520 963 581 ltaliam
975 523 1105 603 subegit.
1118 527 1186 584 Hoc
1202 525 1263 586 fuit

206 640 219 668 ιι
230 632 351 696 tempus
366 615 440 674 viris
460 616 617 694 armisque
637 617 896 677 incitatissimam.
910 617 984 679 Ideo
1000 621 1069 700 quis
1088 620 1262 683 adolescen-

207 737 220 766 ιι
230 714 308 772 tiam
324 712 443 773 dixerit.
461 711 581 772 Dehinc
598 713 638 772 ad
655 715 805 774 Caesarem
821 715 996 797 Augustum
1012 717 1069 777 250
1084 721 1177 795 anni,
1195 723 1264 801 qui-

206 836 220 866 ιι
230 813 288 871 bus
301 825 404 871 totum
417 810 526 870 orbem
542 814 673 893 pacavit.
690 814 748 872 Hic
765 811 832 895 jam
852 817 920 896 ipsa
935 814 1064 896 juventa
1078 819 1219 899 imperii,
1235 835 1265 878 et

206 935 219 964 ιι
229 909 319 990 quasi
334 908 479 991 quaedam
498 910 624 968 robusta
641 911 813 970 maturitas.
830 912 855 993 A
872 914 991 972 Cessare
1004 914 1143 994 Augusto
1159 917 1194 972 in
1211 936 1264 975 sae·

206 1033 220 1062 ιι
231 1006 337 1066 culum
345 1018 497 1080 nostrum,
507 1019 580 1065 sunt
591 1027 658 1065 non
670 1007 884 1067 multominus
896 1010 972 1067 anni
981 1030 1048 1085 200,
1060 1011 1174 1090 quibus
1186 1014 1266 1071 iner-

206 1133 221 1162 ιι
230 1109 274 1167 tia
291 1109 449 1168 Caesarum
468 1107 556 1188 quasi
575 1107 755 1184 consenuit,
771 1119 863 1189 atque
877 1108 1015 1183 decoxit3
1033 1110 1191 1192 nisiquod
1207 1112 1265 1172 sub

208 1229 221 1258 ιι
231 1200 365 1284 Trajano
386 1205 528 1287 principe
549 1218 656 1265 movet
674 1205 822 1280 lacertos,
841 1220 871 1267 et
888 1220 999 1288 praeter
1015 1228 1101 1288 spem
1120 1211 1265 1269 omnium

206 1329 220 1358 ιι
231 1317 370 1363 senectus
385 1303 524 1384 imperii,
537 1304 626 1384 quasi
645 1304 764 1363 reddita
782 1302 962 1383 juventute,
980 1288 1172 1365 revirescit„
1192 1308 1265 1366 Haec

204 1399 326 1460 Florus.
341 1401 516 1479 Utrumque
528 1411 631 1456 autem
644 1396 750 1456 locum
764 1400 883 1479 integre
898 1400 1182 1481 adscripsimus,.ut
1198 1422 1266 1461 om·

205 1519 259 1557 nes
272 1497 414 1573 videant,
426 1517 521 1577 quam
536 1494 663 1556 infirmo
680 1496 808 1556 tibicine
823 1499 975 1575 nitantur,
986 1501 1042 1579 qui
1055 1521 1091 1559 ex
1102 1501 1265 1560 Lactantio

169 1586 171 1590 ’
204 1594 376 1676 colligunt,
392 1595 574 1674 scriptorem
591 1594 770 1674 compendii
783 1594 881 1669 illius,
897 1616 964 1654 nou
977 1595 1124 1671 Florum,
1142 1596 1195 1656 sed
1215 1599 1266 1656 Se·

204 1716 332 1769 nocam,
347 1694 408 1754 dici
428 1707 582 1775 oportere.
602 1694 713 1769 Aiunt,
729 1694 915 1755 divisionem
928 1715 1014 1770 eam,
1031 1694 1118 1776 cujus
1132 1699 1264 1755 Lactan-

136 1809 138 1813 ·
203 1794 264 1852 tius
282 1793 428 1852 Senecam
443 1790 550 1851 laudat
564 1803 738 1867 auctorem,
754 1791 838 1873 apud
852 1791 981 1852 Florum
996 1792 1029 1851 in
1044 1793 1177 1874 prologo
1193 1790 1265 1874 legi.

204 1891 242 1949 In
254 1911 318 1970 quo
331 1889 514 1950 manifestus
526 1908 636 1961 eorum
649 1901 693 1948 est
705 1910 804 1948 error:
816 1910 890 1948 nam
904 1891 1015 1950 Seneca
1027 1888 1266 1950 adolescentiam

204 1989 341 2048 extendit
358 2008 455 2069 usque
472 1986 511 2046 ad
526 1985 622 2046 finem
639 1985 742 2046 ultimi
757 1985 831 2046 belli
844 1988 972 2047 Punici:
992 1987 1103 2048 Florus
1115 1988 1266 2048 duntaxat

125 2147 128 2155 ,
202 2087 245 2159 βά
255 2087 394 2168 primum
403 2084 522 2146 bellum
532 2086 697 2147 Punicum.
711 2086 758 2145 Ad
770 2085 852 2161 haec,
868 2087 980 2147 Seneca
992 2087 1103 2169 incipit
1112 2102 1265 2147 senectam

206 2209 224 2246 a
235 2184 323 2245 bello
334 2183 416 2247 civili
428 2185 640 2265 Pompeian03
655 2185 765 2254 Florus
779 2196 882 2244 autem
900 2207 918 2244 a
932 2186 1110 2268 principatu
1127 2185 1265 2266 Augusti.

206 2285 296 2345 Unde
308 2284 441 2365 colligo,
454 2283 581 2343 Florum
591 2284 716 2364 quidem
730 2285 888 2344 imitatum
899 2282 996 2345 fuisse
1007 2287 1167 2361 Senecam,
1179 2285 1266 2346 aliter

191 2413 192 2416 ¹
207 2397 326 2457 tamen,
338 2404 433 2463 quam
446 2383 606 2455 Senecam,
622 2382 769 2441 divisisse.
782 2383 882 2463 Atque
895 2403 931 2442 eo
946 2384 1044 2464 magis
1057 2384 1160 2442 arrisit
1171 2383 1265 2445 Floro

207 2481 381 2541 similitudo
398 2503 449 2556 ea,
467 2482 541 2562 quia
555 2502 622 2540 non
637 2495 738 2542 totam
751 2480 839 2541 alteri
856 2481 996 2556 deberet,
1011 2482 1064 2542 sed
1076 2497 1165 2558 esset,
1180 2484 1266 2563 quod

195 2580 267 2639 sibi
282 2577 462 2638 vindicaret.
476 2579 555 2647 Sanc
566 2591 635 2637 toto
647 2578 687 2638 ad
702 2599 771 2638 eam
784 2599 876 2660 opere
890 2581 1028 2662 respicit:
1045 2601 1157 2661 nempe
1174 2601 1266 2640 suum

208 2677 319 2758 cuique
329 2674 507 2759 pulchrum,
514 2675 600 2757 quod
611 2675 671 2735 dici
683 2674 769 2735 solet.
779 2676 840 2735 Nec
851 2691 1015 2760 propterea
1024 2697 1189 2757 negavere,
1197 2676 1266 2735 Flo-

128 2815 130 2820 ·
209 2794 279 2833 rum
299 2771 383 2833 hunc
400 2770 493 2833 fuisse
512 2793 548 2832 ex
566 2773 750 2833 Senecarum
768 2771 899 2832 familia.
916 2775 1029 2834 Seneca
1040 2774 1126 2832 enim
1138 2785 1267 2833 vocatur

210 2870 244 2928 in
262 2869 418 2952 plerisque
436 2865 708 2946 veteribuslibris.
728 2867 775 2926 Ad
789 2866 855 2927 haec
873 2869 991 2928 Senecoe
1004 2880 1076 2927 sunt
1095 2888 1130 2927 ex
1149 2868 1268 2928 Annaea

209 2983 310 3048 gente.
326 2971 364 3027 At
378 2967 505 3044 Florus,
520 2980 556 3027 ut
570 2968 603 3026 in
620 2967 775 3049 plerisque
788 2965 878 3024 libris
892 2964 1003 3040 Julius,
1023 2967 1066 3025 ita
1084 2971 1215 3026 Artnoeus
1234 2967 1267 3026 in

209 3078 280 3126 vett.
294 3077 424 3126 vocatur
440 3064 545 3141 libris,
563 3066 656 3124 etiam
673 3065 802 3144 antiqua
822 3083 856 3122 ac
870 3065 1022 3146 Principe,
1036 3084 1131 3144 quam
1147 3062 1266 3139 habeo,

210 3163 357 3224 editione.
370 3164 417 3222 Ad
431 3161 497 3223 haec
509 3163 686 3242 Hispanum
699 3158 807 3235 fuisse,
820 3157 904 3219 unde
916 3160 1035 3221 Seuecae
1049 3159 1144 3220 domo
1160 3173 1267 3235 erant,

211 3259 378 3319 verisimile
387 3258 469 3341 ,facit
485 3257 645 3331 luculenta
657 3255 720 3337 ejus
732 3270 819 3316 terrae
832 3257 986 3333 laudatio,
1001 3279 1070 3338 quae
1088 3269 1132 3315 est
1148 3255 1203 3315 lib.
1221 3259 1267 3330 ll,
1288 3280 1289 3283 ¹

212 3377 278 3438 cap.
303 3376 348 3437 17,
367 3366 397 3414 ct
416 3353 470 3413 lib.
491 3354 552 3428 lll,
566 3375 632 3436 cap.
652 3373 699 3412 22.
716 3352 818 3412 Dictio
837 3375 962 3434 quoque
974 3351 1056 3413 hanc
1070 3352 1202 3412 domum
1220 3374 1269 3413 sa·

211 3453 273 3533 pit:
292 3471 368 3527 nam
384 3471 420 3509 ea
441 3449 626 3531 eloquentiae
645 3462 675 3508 et
693 3469 821 3531 poeseos
836 3449 930 3510 laude
949 3447 1066 3531 inclyta
1084 3447 1153 3509 fuit.
1168 3450 1208 3508 At
1222 3449 1269 3509 di·

212 3548 275 3607 ctio
294 3545 433 3607 historici
453 3542 563 3626 hujus,
575 3546 622 3604 uti
641 3557 712 3605 ante
733 3545 868 3621 dictum,
888 3559 935 3606 est
950 3545 1080 3622 diserta,
1096 3559 1126 3605 ct
1139 3546 1268 3626 poeticae

209 3644 352 3726 propior.
371 3644 473 3702 Immo
494 3662 573 3723 opus
592 3641 696 3724 ipsum
712 3641 763 3699 vix
783 3641 886 3717 aliud,
902 3663 998 3722 quam
1011 3641 1195 3702 declamatio
1214 3655 1267 3702 est.

212 3741 353 3802 Fortasse
364 3741 460 3821 igitur
473 3742 591 3802 Senecoe
603 3742 697 3799 etiam
711 3760 829 3799 nomen
842 3739 912 3800 fuit.
931 3740 1005 3817 Sed,
1018 3753 1053 3800 ut
1066 3739 1126 3800 hoc
1144 3739 1267 3814 demus,

213 3859 280 3899 non
292 3859 332 3898 eo
347 3837 557 3919 consequitur,
570 3834 656 3896 haud
671 3834 759 3897 aliter
773 3856 868 3917 quam
880 3838 1041 3912 Senecam,
1052 3837 1158 3897 vocari
1173 3857 1269 3919 opor·

212 3951 286 3998 tere.
299 3938 360 3998 Nec
374 3937 458 3997 enim
470 3934 561 3997 facile
573 3935 651 3997 adeo
667 3933 745 3996 fides
761 3945 806 3995 est
819 3935 1000 4016 deroganda
1011 3934 1112 3997 multo
1124 3938 1268 3995 maxima

166 4100 173 4104 ,
210 4037 293 4123 parti
307 4036 478 4112 librorum,
494 4035 662 4119 etquidem
675 4034 812 4095 melioris
827 4047 927 4110 notae,
941 4036 995 4095 ubi
1010 4034 1112 4096 Florus
1129 4048 1266 4095 vocatur.
