2640 4808
203 403 240 443 ιο
551 432 552 436 ,
603 377 665 440 DE
689 374 850 440 FLORO

198 502 302 564 verbis
312 521 375 561 esse
388 498 488 559 multa
504 502 644 580 mauguin,
662 498 787 571 insana,
799 499 961 579 μειρακιώδη.
975 495 1223 579 Reprehenditur
1237 521 1255 559 a

197 599 305 659 Merco
320 599 448 671 Seneca,
460 593 643 677 philosophi
657 608 759 676 patre,
772 616 858 655 musa
874 595 990 670 rhetor,
1002 595 1086 675 quod
1100 595 1138 654 de
1150 595 1255 678 sipho-

199 697 292 757 nibus
304 710 334 754 et
348 695 507 775 sparsione
520 693 646 753 dixerit:
662 718 677 749 ιι
687 693 770 752 Caelo
783 693 931 774 replnnnt
942 693 1055 753 imbres
1067 693 1228 768 odoratos3
1239 720 1253 750 ιι

199 805 229 851 et
248 792 285 851 de
303 791 412 849 subitis
433 791 605 849 mortibus:
624 789 811 871 «Quidquid
831 792 938 850 avium
957 789 1084 864 volitat,
1102 790 1255 870 quidquid

202 889 358 973 “piscium
371 899 473 961 natat,
486 885 640 967 quidquid
656 885 794 945 ferarum
806 886 969 961 discurrit,
984 888 1098 946 nostris
1110 886 1256 968 sepelitur

202 984 397 1044 «ventribus.
419 983 528 1059 Quaere
545 1003 629 1042 nunc
646 1004 701 1042 cur
717 984 822 1042 subito
840 984 1029 1043 moriamur:
1043 984 1196 1043 mortibus
1208 985 1256 1042 vi-

202 1107 216 1138 ιι
227 1084 339 1141 vimus.
350 1107 363 1136 ιι
390 1081 565 1160 Castigatnr
586 1102 604 1138 a
627 1076 780 1164 Dionysio
804 1082 965 1161 Longinus
991 1080 1145 1162 Gorgias,
1170 1081 1257 1162 qnod

201 1181 337 1240 vultures
351 1179 465 1252 dixerit
476 1183 543 1238 viva
559 1176 718 1260 sepulchra.
735 1181 817 1238 Num
830 1179 953 1238 saniora
965 1192 1038 1238 sunt
1049 1201 1117 1260 qnae
1129 1178 1256 1254 Florus,

201 1277 256 1337 lib.
279 1280 310 1353 l,
332 1299 399 1359 cap.
421 1273 474 1350 13,
491 1275 528 1336 de
544 1270 658 1352 Gallis,
674 1279 729 1357 qui
743 1278 875 1336 Romam
897 1278 1114 1353 incenderant,
1135 1279 1257 1347 scribit,

202 1372 272 1433 illos
286 1375 390 1434 subito
406 1373 576 1433 Camillum
590 1396 608 1432 a
622 1387 708 1454 tergo
723 1394 902 1454 aggressum
923 1373 1003 1434 adeo
1021 1373 1181 1450 cecidisse,
1199 1394 1258 1434 out

204 1499 217 1528 ιι
228 1474 337 1533 omnia
356 1472 575 1532 incendiorum
593 1473 721 1552 vestigia
738 1472 849 1532 Gallici
869 1473 1029 1552 sanguinis
1051 1472 1258 1533 inundatione

203 1567 384 1629 «deleretia
403 1571 465 1629 Nec
480 1570 617 1629 melioris
634 1584 717 1629 notae
734 1584 807 1630 sunt
824 1591 892 1651 qnae
906 1570 989 1629 libro
1004 1571 1050 1645 ll,
1067 1592 1134 1652 cap.
1155 1592 1201 1652 17,
1219 1571 1258 1630 de

204 1668 331 1726 Decimo
345 1667 441 1725 Bruto
455 1666 613 1748 prodidit:
633 1692 646 1721 ιι
658 1669 889 1748 peragratoque
903 1668 1003 1726 victor
1017 1667 1133 1726 Oceani
1152 1666 1257 1741 litore,

150 1828 157 1848 ι
204 1791 218 1819 ιι
228 1786 295 1823 non
312 1766 399 1845 prius
414 1765 503 1845 signa
518 1766 689 1839 convertit,
703 1786 798 1846 quam
811 1765 972 1824 cadentem
984 1765 1018 1822 in
1032 1765 1132 1824 maria
1144 1764 1259 1838 solem,

205 1890 218 1918 ιι
229 1863 441 1943 obrutumque
461 1864 547 1945 aquis
567 1864 670 1944 ignem
684 1884 750 1923 non
770 1865 836 1922 sine
854 1863 991 1944 quodam
1008 1864 1158 1943 sacrilegii
1174 1876 1260 1922 rnetu

205 1987 219 2016 ιι
230 1975 259 2021 et
270 1959 401 2019 horrore
416 1959 637 2043 deprehendit3
648 1986 661 2015 ιι
680 1962 765 2042 quod
782 1961 902 2021 dudum
920 1961 1032 2020 merito
1049 1960 1149 2019 divini
1165 1959 1259 2019 Scali-

202 2058 267 2137 geri
281 2057 378 2117 obelis
391 2072 435 2117 est
449 2057 635 2117 confossum.
649 2060 688 2116 Et
699 2055 754 2116 lib.
767 2059 818 2132 lV,
834 2079 878 2132 ιι,
889 2057 928 2116 de
938 2054 1118 2137 ingentibus
1128 2056 1260 2116 navibus

204 2157 348 2215 Antonii:
365 2179 379 2209 ιι
389 2157 461 2214 Νοιι
481 2156 546 2214 sine
563 2157 681 2235 gemitu
700 2156 811 2230 meris,
828 2168 859 2214 et
876 2155 983 2214 labore
1000 2167 1165 2214 ventorum
1181 2153 1260 2213 fere-

205 2280 219 2308 ιι
230 2256 355 2314 bantur.
367 2279 381 2309 ιι
393 2256 454 2313 Nec
465 2275 530 2313 non
541 2253 596 2313 lib.
607 2254 650 2328 11,
663 2255 696 2328 6,
706 2275 806 2335 quum
816 2253 939 2313 dixisset
952 2254 1147 2312 commissam
1162 2253 1260 2313 aciem

203 2364 342 2411 secutum
354 2353 513 2431 ingentem
525 2365 691 2411 tremorem
706 2364 811 2426 terras,
825 2350 1022 2432 putidissime
1037 2363 1110 2409 sunt
1125 2371 1194 2430 quae
1209 2350 1263 2408 ad-

204 2449 263 2508 dit:
279 2475 292 2504 ιι
302 2450 367 2508 Nisi
381 2448 470 2508 illum
482 2448 647 2509 horrorem
657 2449 714 2509 soli
727 2450 868 2530 equitum
878 2450 1082 2528 virorumque
1091 2448 1260 2521 discursus,

206 2572 219 2600 ιι
230 2560 260 2606 et
277 2561 362 2605 mota
375 2545 587 2606 vehementius
603 2569 689 2606 arma
704 2546 878 2606 fecerunt.»
897 2548 970 2606 Haec
985 2566 1052 2605 non
1065 2546 1162 2605 modo
1179 2559 1262 2606 extra

204 2647 375 2718 sanitatem,
400 2644 452 2702 sed
474 2658 555 2703 extra
576 2658 715 2704 naturam
741 2658 829 2720 sunt,
856 2657 891 2703 ut
913 2644 1014 2704 verbis
1039 2656 1109 2702 utar
1132 2644 1261 2703 Senecae.

204 2738 421 2800 Romanorum
436 2740 565 2815 scilicet,
579 2762 645 2800 non
663 2742 747 2800 orbis
759 2755 929 2814 terrarum,
944 2741 995 2800 sed
1011 2741 1149 2798 universi
1160 2724 1262 2800 domi·

205 2859 337 2915 norum,
357 2839 568 2919 magnitudini
589 2841 695 2899 omnia
714 2841 873 2900 cedebant.
897 2840 1014 2897 Omnia
1033 2838 1079 2897 illi
1099 2851 1261 2919 poterant:

205 2937 388 2996 dimicantes
402 2951 518 2998 terram
533 2953 677 3014 movent,
695 2941 875 3019 navigantes
895 2938 1046 3017 gemitum
1065 2938 1145 2996 mari
1163 2939 1264 3019 expri-

206 3046 313 3109 munt,
329 3037 427 3094 ventis
448 3035 590 3095 laborem
609 3035 747 3095 afferunt
768 3049 797 3095 et
821 3034 977 3093 molestias
997 3035 1031 3092 in
1052 3033 1264 3116 propellendis
1303 3106 1307 3115 Ι

206 3154 316 3193 eorum
333 3122 483 3206 navibus;
499 3134 549 3192 sed
568 3133 627 3214 ipsi
647 3154 772 3213 quoque
789 3135 914 3192 Oceano
933 3130 1015 3212 leges
1032 3132 1163 3214 parendi
1179 3132 1264 3191 dixe·

208 3243 296 3305 runt,
312 3233 366 3311 qui
382 3230 441 3289 illis
458 3233 563 3290 invitis
583 3252 650 3290 non
669 3232 762 3291 audet
785 3231 883 3291 irasci.
902 3231 985 3308 Quid
1003 3234 1088 3290 enim
1104 3230 1190 3290 aliud
1205 3231 1264 3291 sibi

208 3328 320 3388 volunt
334 3326 387 3386 illa
401 3327 472 3386 libri
487 3329 546 3402 ΙΙΙ,
562 3350 627 3409 cap.
643 3349 694 3388 10¹:
711 3353 724 3383 ιι
734 3329 813 3387 Cum
825 3326 943 3407 majore
955 3350 1049 3409 quam
1063 3330 1149 3409 prius
1161 3330 1266 3412 praeda

210 3453 223 3480 ιι
234 3439 374 3486 revectus
387 3439 447 3500 est,
463 3427 529 3506 ipso
548 3446 672 3507 quoqne
685 3427 810 3485 Oceano
823 3425 997 3507 tranquillo
1008 3428 1105 3507 magis
1118 3440 1147 3486 et
1160 3429 1266 3509 propi-

211 3551 224 3578 ιι
234 3525 297 3599 tio,
314 3523 401 3603 quasi
415 3525 567 3604 imparem
580 3543 610 3581 se
625 3521 782 3583 fateretur.
793 3548 807 3577 ιι
824 3524 949 3604 Quippe
965 3522 1018 3582 ni?
1030 3544 1129 3603 quum
1142 3537 1266 3584 coactns

208 3621 301 3681 fuerit
319 3618 357 3679 ad
376 3619 503 3679 illorum
516 3633 628 3678 nutum
643 3641 674 3680 se
688 3642 895 3703 componere,
912 3641 977 3679 non
994 3642 1078 3681 secus
1093 3620 1128 3680 ac
1142 3621 1269 3701 regulus

209 3721 340 3802 quidam
357 3718 585 3801 stipendiarius.
605 3721 685 3778 Nam
706 3741 805 3801 quum
824 3721 858 3778 in
873 3721 975 3779 Ponto
995 3721 1118 3779 Euxino
1130 3762 1138 3794 ‚
1152 3741 1266 3800 quern,

209 3835 371 3900 tamquam
384 3821 478 3878 maris
491 3818 708 3878 Mediterranei
720 3831 856 3901 partem,
866 3839 902 3878 ex
914 3819 1038 3878 Oceano
1050 3833 1146 3878 terras
1156 3819 1268 3892 irrum-

209 3939 282 4000 pere
296 3930 428 3992 vetcrcS,
442 3917 584 3997 quamvis
597 3914 693 3990 falso,
709 3915 891 3991 credebant,
904 3915 1036 3977 lacerata
1053 3929 1129 3976 esset
1142 3913 1264 3974 Mithri·

207 4016 289 4085 <datis
304 4016 422 4089 classis,
437 4015 560 4095 subiicit
574 4012 655 4072 libro
670 4015 727 4091 ΙΙΙ,
741 4015 757 4072 5
770 4038 776 4070 ε
796 4039 810 4070 ιι
820 4013 916 4074 Plane
929 4016 1015 4095 quasi
1028 4013 1175 4073 Lucullus
1189 4030 1273 4094 quo
