2640 4808
457 409 494 470 L.
519 408 681 471 ANNAEI
706 405 864 470 FLORI.
1149 413 1188 492 43

257 542 347 590 notae.
359 529 422 604 (Sc.
432 527 480 588 El.
490 530 608 604 Vineti,
620 532 637 588 J
641 549 670 589 o.
683 528 847 602 Camertis,
859 530 881 587 Ι.
892 529 1004 610 Lipsii,
1016 533 1038 590 l.
1051 531 1191 608 Gruteri,

255 634 306 692 Jo.
316 629 421 690 Stadii.
431 629 555 690 Accedit
563 632 598 689 Τ.
608 630 690 689 Livii
699 629 860 689 Decadum
870 629 941 688 XIV
949 631 1109 711 Epitome,
1120 653 1191 693 cum

257 728 381 789 scholiis
398 730 467 788 Car.
483 728 619 809 Sigonii,
634 729 724 787 Mart.
742 727 838 786 Delrii
857 741 888 788 et
906 727 1068 807 aliorum.)
1080 733 1192 790 Frane-

257 848 361 910 querae
375 849 411 888 ex
426 826 484 888 off.
496 828 649 888 Hansonii
661 829 852 907 Hagenaar.‚
867 825 941 901 ind.

128 928 214 1007 1692
257 927 351 984 Amst.
366 944 416 1006 ap.
429 925 651 997 Wetstenium,
664 943 734 1005 quae
754 943 810 1005 pro
828 922 993 983 Graeviana
1010 925 1105 984 altera
1118 946 1191 984 ven-

256 1022 352 1082 ditata
365 1033 425 1094 est,
436 1042 533 1101 quum
542 1021 580 1081 sit
590 1020 766 1101 exemplum
779 1018 826 1078 ed.
839 1017 962 1078 Elzevir
975 1018 1064 1101 1674,
1080 1021 1192 1081 additis

257 1122 350 1196 notis,
358 1119 472 1194 numis,
481 1118 567 1201 praef.
577 1119 703 1192 Graevii,
713 1129 747 1176 ut
757 1117 821 1199 ipsa
830 1116 915 1198 praef.
923 1118 1081 1179 Wetstenii
1092 1119 1190 1179 docet.

126 1258 242 1271 ...-
258 1216 395 1277 Londini
406 1236 470 1298 rep.
483 1216 532 1276 ed.
545 1217 642 1275 Annae
653 1216 771 1296 Tanaq.
784 1214 877 1274 Fabri
891 1212 963 1274 filiae
976 1216 1009 1273 in
1021 1235 1113 1275 usum
1123 1216 1193 1276 Del·

261 1311 368 1396 phini,
383 1314 457 1372 in-8.

133 1414 215 1492 1698
259 1413 336 1472 Cum
349 1410 432 1470 notis
443 1408 589 1470 Minellii.
602 1408 766 1483 Boterod.,
779 1410 872 1468 in-rs.

134 1529 234 1588 ¹7⁰⁰-
258 1508 336 1566 Cum
348 1507 427 1566 notis
443 1503 583 1564 Minellii.
598 1502 738 1579 Hafnise,
754 1506 831 1564 in-ss.

134 1624 216 1684 ¹7⁰²
258 1604 400 1686 Epitome
416 1622 519 1661 rerum
534 1602 665 1661 Roman.
676 1622 712 1660 ex
721 1622 836 1661 recens.
848 1604 866 1661 J
869 1622 898 1662 o.
912 1603 966 1663 Ge.
980 1600 1110 1679 Graevii,
1121 1627 1192 1665 cum

261 1698 396 1781 ejusdem
420 1698 571 1759 adnotatt.
597 1698 691 1779 longe
712 1700 913 1758 auctioribus.
936 1703 1091 1761 Accessere
1110 1714 1192 1762 notae

260 1800 385 1879 integrae
408 1797 453 1859 Cl.
475 1797 632 1872 Salmasii,
656 1799 705 1856 Jo.
731 1796 951 1875 Freinshemii,
973 1812 1003 1857 et
1022 1801 1192 1859 variorum.

260 1897 320 1956 Nec
344 1916 411 1954 non
431 1895 621 1954 numismata
643 1908 674 1954 et
697 1895 826 1974 antiqua
849 1907 1054 1954 monumenta
1078 1898 1111 1954 in
1134 1895 1192 1956 hac

260 2014 341 2053 nova
352 1993 505 2066 editione,
521 2014 579 2052 suo
591 1993 704 2071 cuique
717 1991 788 2051 loco
806 1994 929 2052 inserta.
949 1995 1030 2052 Cum
1043 1995 1193 2053 varianti-

259 2089 318 2152 bus
330 2091 411 2152 lectt.
426 2105 457 2151 et
474 2090 585 2152 indice.
601 2092 639 2149 ln
650 2089 713 2150 line
730 2090 854 2150 additus
867 2103 912 2151 est
928 2093 962 2151 L.
983 2091 1141 2173 Ampelius
1158 2114 1193 2152 ex

223 2204 229 2219 ·
260 2187 335 2246 bibl.
349 2186 394 2247 Cl.
405 2187 556 2260 Salmasii,
564 2189 653 2245 Tom.
662 2186 701 2259 ll,
711 2188 816 2260 Amst,
828 2187 901 2246 inu.
915 2209 964 2269 ap.
975 2186 1013 2245 G.
1025 2187 1191 2247 Galletnm.

260 2286 330 2344 Non
340 2305 411 2344 vere
423 2298 466 2343 est
477 2283 659 2343 Graevianus
670 2282 721 2342 hic
734 2282 861 2343 Florus:
874 2294 1007 2364 suntque
1019 2282 1051 2340 in
1065 2282 1118 2341 illa
1131 2282 1194 2342 edi-

260 2384 344 2442 tione
362 2382 468 2441 multae
487 2381 660 2441 multorum
676 2382 883 2442 correctiones
896 2391 1010 2441 teme're
1027 2384 1060 2440 in
1077 2393 1192 2441 textum

262 2494 400 2561 receptae.
411 2478 480 2537 Vid.
497 2478 615 2537 Dukeri
632 2478 718 2559 praef.
738 2500 768 2560 p.
787 2476 821 2552 14
838 2490 868 2539 et
883 2479 934 2553 15,
948 2479 1002 2558 qui
1019 2493 1048 2537 et
1062 2480 1095 2538 in
1112 2481 1193 2537 notis

260 2576 373 2656 passim
384 2574 460 2632 vitia
473 2572 555 2633 illius
568 2572 712 2633 editionis
724 2576 834 2654 tangit.
848 2576 887 2632 Et
898 2574 964 2634 haec
979 2573 1058 2635 facta
1070 2576 1194 2635 vidente

260 2686 289 2732 et
300 2672 406 2731 silente
419 2672 553 2731 Graevio.
1182 2682 1185 2689 “

143 2770 220 2853 1704
260 2775 293 2830 L.
308 2773 342 2829 A.
359 2770 405 2828 Fl.
423 2791 481 2829 rer.
498 2771 632 2829 Roman.
646 2769 719 2828 libri
735 2768 799 2829 duo
815 2772 948 2852 priores,
965 2773 1193 2831 excriticorum

260 2869 423 2928 observatt.
441 2867 569 2928 correcti
584 2889 656 2927 cum
672 2859 777 2926 textus‘
788 2869 925 2942 ratione,
940 2869 1080 2949 stonsque
1092 2870 1193 2927 vario-

261 2986 331 3025 rum
341 2965 496 3025 historicis
508 2964 641 3046 politicis
653 2978 682 3024 et
694 2966 894 3046 antiquariis:
905 2965 991 3047 jussu
1005 2979 1035 3024 et
1045 2967 1193 3046 impensis

262 3065 469 3145 augustissimi
493 3065 584 3144 Regis
611 3065 761 3123 Borussiae
789 3076 819 3123 et
843 3064 992 3122 Electoris
1017 3063 1130 3121 Brand.
1161 3065 1193 3121 in

261 3183 351 3223 usum
362 3163 513 3245 Principis
528 3163 615 3243 regni
627 3175 657 3222 et
668 3163 847 3223 electoratus
859 3163 995 3237 heredis,
1009 3162 1152 3221 adornati
1164 3175 1195 3221 et

261 3261 335 3335 editi
360 3283 378 3320 a
402 3263 493 3319 Laur.
519 3263 644 3341 Begero.
671 3260 810 3321 Coloniae
836 3260 1017 3337 Marchicae,
1039 3275 1104 3343 typ.
1127 3260 1192 3318 Ulr.

259 3359 382 3440 Liebp.,
396 3355 495 3417 in-fol.
508 3358 618 3418 Florus
636 3360 699 3418 sive
714 3360 818 3440 potius
832 3362 866 3418 L.
883 3359 897 3417 l
914 3370 944 3418 et
955 3358 983 3416 ll
995 3357 1078 3417 Flor.
1092 3355 1193 3439 splen-

260 3454 351 3513 didus
378 3475 468 3529 sane,
492 3467 522 3514 et
545 3455 650 3514 multis
674 3461 844 3515 numoru'm
868 3470 898 3516 et
918 3468 1193 3515 monumentorum

261 3549 367 3630 figuris
381 3562 518 3610 ornatus.
533 3551 584 3609 Ait
595 3552 744 3632 Begerus,
759 3572 790 3610 se
801 3564 919 3612 textum
931 3551 1094 3631 vulgatum
1107 3572 1194 3610 accu-

263 3661 327 3706 rate
336 3667 408 3706 cum
417 3646 505 3706 libris
516 3648 648 3729 scriptis,
661 3647 710 3707 his
721 3650 1011 3730 Brandenburgico,
1024 3646 1194 3708 secundum

261 3743 382 3824 regulas
394 3745 513 3803 criticas
525 3746 693 3805 contulisse
705 3760 735 3806 et
749 3749 929 3823 correxisse,
943 3746 1117 3806 rationibus
1128 3765 1195 3804 cor·

261 3842 435 3900 rectionum
451 3840 578 3901 redditis
597 3842 632 3901 in
650 3845 749 3917 notis3
769 3843 881 3903 deinde
898 3857 929 3902 et
944 3864 991 3902 res
1004 3856 1035 3902 et
1048 3841 1141 3902 verba
1156 3841 1193 3899 il-

260 3936 411 3996 lustrasse.
435 3936 472 3994 ln
493 3936 675 4018 praefatione
697 3960 793 4022 porro
817 3941 1015 3999 Graevianam
1041 3939 1132 3997 crisin
1156 3935 1194 3993 de

260 4034 412 4093 latinitate
426 4036 449 4092 F
450 4034 511 4096 lori
523 4035 660 4096 refellere
670 4039 820 4112 instituit,
834 4059 891 4098 nec
904 4038 970 4096 sine
982 4035 1146 4095 acerbitate
1160 4034 1193 4089 in
