2640 4808
222 450 263 494 20
623 427 685 490 DE
707 426 870 491 FLORO

221 573 294 613 nere
303 550 479 611 voluerunt.
488 548 672 628 Delegamus
681 548 740 610 hos
750 550 789 609 ad
800 550 895 609 aetatis
904 551 1001 610 tertiae
1010 551 1159 611 saeculum
1168 571 1277 612 secun-

219 649 296 709 dum
307 660 388 707 recte
399 646 664 729 perpensandum:
678 647 769 707 inviti
785 648 879 707 etiam
893 660 1045 728 cogentur
1056 645 1162 724 fateri,
1176 651 1277 709 nemi·

217 767 291 806 nem
307 745 495 825 scriptorum
511 756 652 804 veterum
669 743 883 804 candidiorem
894 744 1134 826 liberioremque
1146 743 1276 806 illorum

216 856 396 923 temporum
410 841 626 902 aestimatorem
636 842 744 918 fuisse,
756 863 852 923 quam
867 840 1023 901 florum..
1034 883 1058 901 ..
1073 840 1154 901 Illud
1170 844 1276 903 minus

217 938 484 1015 animadversum,
502 950 660 998 auctorem
677 941 711 998 in
729 959 834 998 rerum
850 939 1004 1020 ipsarum,
1023 937 1179 998 bellorum
1196 937 1275 999 scili·

217 1049 264 1098 cet
278 1059 313 1098 ac
326 1039 524 1097 internorum
535 1049 682 1097 motuum
693 1037 847 1096 succincta
859 1037 1054 1112 recensione,
1066 1047 1096 1096 et
1112 1035 1161 1095 vel
1175 1058 1277 1118 quan-

216 1136 320 1218 doque
330 1137 365 1195 in
379 1139 472 1196 unius
483 1135 557 1195 belli
573 1135 767 1210 narratione,
781 1156 849 1194 non
863 1155 984 1216 semper
997 1133 1275 1215 chronologicum,

216 1234 270 1295 sed
281 1255 523 1316 nonnumquam
536 1233 795 1316 geographicum,
810 1235 906 1293 immo
917 1254 981 1291 una
994 1245 1086 1313 atque
1100 1231 1196 1292 altera
1208 1235 1276 1294 vice

166 1322 169 1327 ’
214 1347 362 1393 neutrum
375 1332 509 1408 horum,
527 1331 580 1392 sed
595 1333 783 1414 peculiarem
797 1331 983 1414 quemdam,
1000 1342 1030 1390 et
1046 1343 1082 1388 ut
1094 1331 1137 1391 ita
1154 1331 1274 1406 dicam,

213 1433 371 1516 poeticum
390 1431 535 1492 ordinem
552 1431 654 1511 sequi,
674 1450 768 1512 quem
784 1451 883 1511 quum
901 1451 965 1489 non
984 1449 1092 1489 omnes
1112 1429 1186 1488 satis
1205 1451 1276 1510 per·

213 1551 346 1612 pensum
359 1529 527 1601 haberent,
544 1526 734 1603 factumest,
748 1539 784 1586 nt
799 1525 872 1586 inde
885 1547 951 1586 non
965 1547 1036 1586 raro
1052 1547 1071 1585 a
1082 1525 1195 1585 criticis
1210 1525 1274 1586 cul-

213 1641 303 1712 patus
317 1628 372 1702 sit,
389 1627 474 1686 unde
487 1625 653 1686 artificium
671 1623 735 1706 ejus
753 1624 876 1684 laudari
892 1625 941 1685 vel
957 1626 1090 1684 maxime
1109 1623 1273 1686 debuisset.

212 1723 448 1786 Commonefeci
459 1724 587 1800 talium,
606 1725 784 1806 ubicunque
799 1745 877 1806 opus
888 1723 1063 1798 videbatur,
1077 1722 1226 1783 lectorem
1237 1725 1272 1784 in

212 1827 295 1899 notis
314 1825 407 1897 meis,
426 1823 595 1905 credoque,
608 1821 657 1882 vel
676 1843 712 1882 ex
729 1821 805 1902 hac,
823 1836 860 1883 ut
878 1823 922 1881 ita
941 1823 1060 1897 dicam,
1080 1821 1274 1902 gubernante

213 1925 320 1985 omnia
332 1935 362 1984 et
372 1921 493 2004 singula
505 1923 593 2005 quasi
605 1922 690 2004 epica
702 1922 838 2001 quadam
850 1923 1027 1982 oeconomia
1041 1920 1162 1980 elucere
1173 1923 1272 1981 aetatis

213 2043 313 2083 aureae
335 2021 434 2079 nostri
452 2021 553 2102 operis
573 2018 835 2079 indubitatissime
857 2021 963 2099 signa3
981 2020 1096 2100 quippe
1117 2035 1219 2099 quum
1239 2019 1272 2079 id

211 2139 279 2179 non
298 2139 416 2177 meram
433 2137 539 2176 rerum
556 2117 844 2190 enumerationem,
859 2114 913 2176 sed
926 2115 1119 2195 ingeniosam
1131 2114 1224 2175 simul
1236 2135 1272 2176 ac
1312 2188 1314 2193 Ι

211 2215 381 2300 perfectam
394 2214 690 2273 demonstrationem
705 2225 733 2272 et
747 2214 917 2294 imaginem
929 2214 999 2271 vitae
1016 2211 1127 2294 populi
1139 2214 1272 2273 Romani

212 2313 246 2370 in
256 2325 323 2372 tam
333 2312 442 2391 exigua
454 2309 567 2370 tabella
580 2309 738 2386 exhibeat,
751 2309 927 2391 cujusmodi
939 2309 1049 2368 dubito
1062 2330 1104 2369 an
1120 2310 1272 2391 sequioris

213 2410 270 2470 aevi
281 2409 411 2491 scriptor
424 2408 512 2467 nobis
528 2419 675 2490 praestare
692 2409 841 2490 potuisset
849 2449 1270 2468 ......................

260 2506 361 2566 lmmo
385 2507 507 2566 videtur
530 2506 608 2565 mihi
629 2503 784 2586 hocopus
808 2506 841 2563 in
864 2506 921 2565 ista
942 2526 998 2564 sua
1018 2503 1271 2567 conformatione

214 2604 460 2685 quamproxime
476 2602 617 2662 accedere
632 2602 671 2660 ad
684 2603 836 2685 poeticam
849 2615 878 2660 et
891 2603 979 2683 quasi
994 2600 1205 2684 rhythmicam
1216 2617 1272 2662 aut

214 2700 374 2759 metricam
389 2697 541 2774 formam,
556 2712 591 2759 ut
606 2697 654 2758 vel
671 2698 744 2758 inde
761 2698 849 2759 facile
867 2701 925 2759 tibi
944 2699 1144 2782 persuadeas,
1161 2712 1271 2760 aucto·

214 2819 281 2858 rem
299 2799 333 2856 in
353 2799 504 2880 poematis
523 2797 767 2858 multiformibus
786 2798 958 2881 plurimum
978 2810 1149 2872 versatum,
1170 2819 1271 2879 quum

214 2897 356 2956 animum
375 2895 415 2956 ad
432 2895 615 2955 historicam
631 2895 712 2955 banc
728 2895 874 2955 tabellam
888 2893 1114 2954 conficiendam
1134 2895 1272 2977 appulis·

213 3010 273 3070 set,
290 3016 330 3055 ne
343 2994 388 3054 ibi
404 2994 532 3076 quidem
551 2994 686 3054 oblitum
704 3015 844 3076 poeseos,
864 2993 950 3075 quod
971 2994 1062 3052 rebus
1078 2992 1185 3074 largiri
1202 3015 1271 3055 non

214 3105 332 3174 posset,
347 3092 457 3152 formae
471 3092 578 3152 saltem
592 3093 692 3173 operis
705 3090 835 3166 dedisse,
849 3103 940 3172 atque
954 3091 988 3149 in
1003 3101 1126 3150 tanturn
1144 3112 1211 3151 non
1223 3113 1270 3151 re·

214 3189 394 3249 formidasse
408 3189 525 3271 eloquii
537 3189 704 3264 cancellos,
714 3211 793 3271 quos
807 3189 946 3271 rhythmi
958 3202 988 3248 et
999 3202 1096 3250 metra
1110 3201 1270 3264 statuunt,

213 3299 266 3363 ut,
280 3309 379 3369 quum
392 3287 518 3348 liberius
534 3288 631 3347 multo
648 3309 747 3370 prosae
767 3288 916 3350 orationis
935 3287 1064 3348 habenis
1083 3289 1130 3347 uti
1147 3302 1270 3369 posset,

214 3388 280 3467 ipse
290 3397 476 3468 praeoptaret
485 3407 633 3463 carceres,
644 3399 674 3446 et
684 3388 821 3468 spinam,
834 3400 864 3447 et
876 3400 999 3446 metam.
1011 3385 1155 3446 Profecto
1166 3385 1270 3447 divitis

213 3504 298 3544 venae
316 3485 497 3566 scriptorem
512 3484 606 3546 fuisse
622 3498 761 3567 oportet,
779 3486 833 3566 qui
846 3485 1015 3544 verborum
1031 3485 1270 3546 sententiarum-

214 3603 275 3664 que
294 3582 398 3662 copia,
414 3582 650 3663 omnigenisque
669 3581 740 3664 styli
758 3581 942 3657 virtutibus,
958 3578 1100 3656 vincula,
1118 3602 1187 3661 quae
1203 3583 1270 3662 ipse

204 3677 273 3736 sibi
285 3697 351 3737 non
365 3699 462 3760 pauca
476 3677 576 3738 libens
588 3692 748 3754 nexuerat,
764 3690 829 3737 tarn
838 3678 929 3738 facile
940 3679 1110 3759 obtegeret,
1122 3691 1206 3736 ntea
1218 3678 1271 3737 vix

212 3777 325 3835 sentiat
344 3775 450 3836 lector.
471 3779 551 3837 Nam
571 3778 739 3859 puritatem
759 3777 908 3836 orationis
927 3787 957 3836 et
977 3776 1163 3857 elegantiam
1182 3776 1269 3855 quod

214 3872 339 3946 attinet,
352 3894 450 3954 quum
464 3874 499 3932 in
517 3872 575 3933 hac
592 3874 729 3934 editione
747 3895 765 3932 a
782 3875 918 3954 genuino
937 3872 1023 3933 Flori
1041 3886 1125 3933 textu
1144 3869 1266 3933 inficeto

211 3967 267 4027 illa
287 3968 514 4046 additamenta,
540 3983 570 4030 et
588 3992 657 4052 quae
678 3971 799 4030 dudum
815 3983 917 4030 taxata
939 3982 1027 4045 sunt,
1046 3983 1077 4029 et
1094 3989 1164 4051 quae
1183 3990 1268 4029 nunc

213 4086 377 4143 accessere,
391 4070 590 4150 segregarim,
602 4089 696 4130 nemo
712 4068 803 4128 facile
817 4070 851 4129 in
863 4068 997 4130 dubium
1009 4069 1179 4144 vocaverit,
1190 4067 1267 4147 quin
