<?xml version="1.0" encoding="UTF-8"?>
<!DOCTYPE html PUBLIC "-//W3C//DTD XHTML 1.0 Transitional//EN"
    "http://www.w3.org/TR/xhtml1/DTD/xhtml1-transitional.dtd">
<html xmlns="http://www.w3.org/1999/xhtml" xml:lang="en" lang="en">
 <head>
  <title>
</title>
<meta http-equiv="Content-Type" content="text/html;charset=utf-8" />
  <meta name='ocr-system' content='tesseract 3.04.00' />
  <meta name='ocr-capabilities' content='ocr_page ocr_carea ocr_par ocr_line ocrx_word'/>
</head>
<body>
  <div class='ocr_page' id='page_1' title='image "bibliothecaclas80lemagoog_0044.png"; bbox 0 0 2640 4808; ppageno 0'>
   <div class='ocr_carea' id='block_1_1' title="bbox 272 390 1113 461">
    <p class='ocr_par' dir='ltr' id='par_1_1' title="bbox 272 390 1113 461">
     <span class='ocr_line' id='line_1_1' title="bbox 272 390 1113 461; baseline 0.006 -5"><span class='ocrx_word' id='word_1_1' title='bbox 272 390 583 457; x_wconf 84' lang='lat' dir='ltr'><strong>TESTIMONIA</strong></span> <span class='ocrx_word' id='word_1_2' title='bbox 606 392 668 456; x_wconf 89' lang='lat' dir='ltr'><strong>ET</strong></span> <span class='ocrx_word' id='word_1_3' title='bbox 691 392 901 459; x_wconf 85' lang='lat' dir='ltr'><strong>JUDlClA.</strong></span> <span class='ocrx_word' id='word_1_4' title='bbox 1074 397 1113 461; x_wconf 80' lang='lat'><strong>23</strong></span> 
     </span>
    </p>
   </div>
   <div class='ocr_carea' id='block_1_2' title="bbox 58 515 1203 4122">
    <p class='ocr_par' dir='ltr' id='par_1_2' title="bbox 58 515 1203 3044">
     <span class='ocr_line' id='line_1_2' title="bbox 62 515 1118 601; baseline -0.001 -21"><span class='ocrx_word' id='word_1_5' title='bbox 62 530 180 601; x_wconf 80' lang='lat' dir='ltr'><strong>gentes,</strong></span> <span class='ocrx_word' id='word_1_6' title='bbox 202 516 459 600; x_wconf 87' lang='lat' dir='ltr'><strong>subsequentibus</strong></span> <span class='ocrx_word' id='word_1_7' title='bbox 480 516 605 592; x_wconf 85' lang='lat' dir='ltr'><strong>scribis,</strong></span> <span class='ocrx_word' id='word_1_8' title='bbox 623 517 678 598; x_wconf 93' lang='lat' dir='ltr'><strong>qui</strong></span> <span class='ocrx_word' id='word_1_9' title='bbox 698 515 755 576; x_wconf 87' lang='lat' dir='ltr'><strong>has</strong></span> <span class='ocrx_word' id='word_1_10' title='bbox 774 529 865 577; x_wconf 82' lang='lat' dir='ltr'><strong>notas</strong></span> <span class='ocrx_word' id='word_1_11' title='bbox 883 518 917 576; x_wconf 89' lang='lat' dir='ltr'><strong>iu</strong></span> <span class='ocrx_word' id='word_1_12' title='bbox 934 528 1053 578; x_wconf 85' lang='lat' dir='ltr'><strong>textum</strong></span> <span class='ocrx_word' id='word_1_13' title='bbox 1070 519 1118 580; x_wconf 92' lang='lat' dir='ltr'><strong>in·</strong></span> 
     </span>
     <span class='ocr_line' id='line_1_3' title="bbox 61 612 1117 698; baseline 0 -21"><span class='ocrx_word' id='word_1_14' title='bbox 61 616 216 692; x_wconf 61' lang='lat' dir='ltr'><strong>tumeant,</strong></span> <span class='ocrx_word' id='word_1_15' title='bbox 232 636 342 675; x_wconf 89' lang='lat' dir='ltr'><strong>ansam</strong></span> <span class='ocrx_word' id='word_1_16' title='bbox 355 612 448 696; x_wconf 91' lang='lat' dir='ltr'><strong>hujus</strong></span> <span class='ocrx_word' id='word_1_17' title='bbox 464 615 566 696; x_wconf 88' lang='lat' dir='ltr'><strong>operis</strong></span> <span class='ocrx_word' id='word_1_18' title='bbox 582 613 671 674; x_wconf 90' lang='lat' dir='ltr'><strong>aliter</strong></span> <span class='ocrx_word' id='word_1_19' title='bbox 686 628 779 695; x_wconf 91' lang='lat' dir='ltr'><strong>atque</strong></span> <span class='ocrx_word' id='word_1_20' title='bbox 795 613 882 674; x_wconf 88' lang='lat' dir='ltr'><strong>aliter</strong></span> <span class='ocrx_word' id='word_1_21' title='bbox 898 616 1117 698; x_wconf 89' lang='lat' dir='ltr'><strong>corrumpendi</strong></span> 
     </span>
     <span class='ocr_line' id='line_1_4' title="bbox 60 710 1117 796; baseline -0.001 -21"><span class='ocrx_word' id='word_1_22' title='bbox 60 713 222 776; x_wconf 81' lang='lat' dir='ltr'><strong>dederunt.</strong></span> <span class='ocrx_word' id='word_1_23' title='bbox 246 714 294 774; x_wconf 91' lang='lat' dir='ltr'><strong>lta</strong></span> <span class='ocrx_word' id='word_1_24' title='bbox 311 724 436 779; x_wconf 79' lang='lat' dir='ltr'><strong>exteram</strong></span> <span class='ocrx_word' id='word_1_25' title='bbox 457 710 622 796; x_wconf 84' lang='lat' dir='ltr'><strong>paullatim</strong></span> <span class='ocrx_word' id='word_1_26' title='bbox 641 723 734 794; x_wconf 87' lang='lat' dir='ltr'><strong>atque</strong></span> <span class='ocrx_word' id='word_1_27' title='bbox 751 714 876 772; x_wconf 82' lang='lat' dir='ltr'><strong>interna</strong></span> <span class='ocrx_word' id='word_1_28' title='bbox 894 714 995 796; x_wconf 87' lang='lat' dir='ltr'><strong>operis</strong></span> <span class='ocrx_word' id='word_1_29' title='bbox 1012 713 1117 775; x_wconf 71' lang='lat' dir='ltr'><strong>forma</strong></span> 
     </span>
     <span class='ocr_line' id='line_1_5' title="bbox 60 809 1118 896; baseline 0 -24"><span class='ocrx_word' id='word_1_30' title='bbox 60 813 245 896; x_wconf 82' lang='lat' dir='ltr'><strong>immutata,</strong></span> <span class='ocrx_word' id='word_1_31' title='bbox 258 811 375 875; x_wconf 88' lang='lat' dir='ltr'><strong>mirum</strong></span> <span class='ocrx_word' id='word_1_32' title='bbox 389 824 526 885; x_wconf 85' lang='lat' dir='ltr'><strong>nonest,</strong></span> <span class='ocrx_word' id='word_1_33' title='bbox 538 810 563 868; x_wconf 86' lang='lat' dir='ltr'><strong>si</strong></span> <span class='ocrx_word' id='word_1_34' title='bbox 577 809 663 869; x_wconf 80' lang='lat' dir='ltr'><strong>Flori</strong></span> <span class='ocrx_word' id='word_1_35' title='bbox 674 811 797 871; x_wconf 88' lang='lat' dir='ltr'><strong>nativus</strong></span> <span class='ocrx_word' id='word_1_36' title='bbox 809 831 911 871; x_wconf 87' lang='lat' dir='ltr'><strong>sermo</strong></span> <span class='ocrx_word' id='word_1_37' title='bbox 924 811 964 873; x_wconf 91' lang='lat' dir='ltr'><strong>ab</strong></span> <span class='ocrx_word' id='word_1_38' title='bbox 978 811 1118 872; x_wconf 82' lang='lat' dir='ltr'><strong>adventi·</strong></span> 
     </span>
     <span class='ocr_line' id='line_1_6' title="bbox 59 907 1120 991; baseline -0.005 -18"><span class='ocrx_word' id='word_1_39' title='bbox 59 911 106 972; x_wconf 87' lang='lat' dir='ltr'><strong>tiis</strong></span> <span class='ocrx_word' id='word_1_40' title='bbox 122 912 190 973; x_wconf 83' lang='lat' dir='ltr'><strong>istis</strong></span> <span class='ocrx_word' id='word_1_41' title='bbox 204 910 296 990; x_wconf 77' lang='lat' dir='ltr'><strong>nugis</strong></span> <span class='ocrx_word' id='word_1_42' title='bbox 314 923 345 969; x_wconf 89' lang='lat' dir='ltr'><strong>et</strong></span> <span class='ocrx_word' id='word_1_43' title='bbox 362 908 642 990; x_wconf 78' lang='lat' dir='ltr'><strong>interpretamentis</strong></span> <span class='ocrx_word' id='word_1_44' title='bbox 657 928 716 973; x_wconf 83' lang='lat' dir='ltr'><strong>nec</strong></span> <span class='ocrx_word' id='word_1_45' title='bbox 732 909 803 968; x_wconf 85' lang='lat' dir='ltr'><strong>satis</strong></span> <span class='ocrx_word' id='word_1_46' title='bbox 818 908 952 991; x_wconf 90' lang='lat' dir='ltr'><strong>amplius</strong></span> <span class='ocrx_word' id='word_1_47' title='bbox 969 907 1120 969; x_wconf 83' lang='lat' dir='ltr'><strong>discerne·</strong></span> 
     </span>
     <span class='ocr_line' id='line_1_7' title="bbox 59 1003 1118 1088; baseline -0.004 -19"><span class='ocrx_word' id='word_1_48' title='bbox 59 1009 162 1084; x_wconf 88' lang='lat' dir='ltr'><strong>batur,</strong></span> <span class='ocrx_word' id='word_1_49' title='bbox 183 1007 365 1087; x_wconf 87' lang='lat' dir='ltr'><strong>criticique,</strong></span> <span class='ocrx_word' id='word_1_50' title='bbox 383 1006 436 1088; x_wconf 93' lang='lat' dir='ltr'><strong>qui</strong></span> <span class='ocrx_word' id='word_1_51' title='bbox 457 1016 618 1065; x_wconf 84' lang='lat' dir='ltr'><strong>auctorem</strong></span> <span class='ocrx_word' id='word_1_52' title='bbox 639 1003 725 1069; x_wconf 89' lang='lat' dir='ltr'><strong>hunc</strong></span> <span class='ocrx_word' id='word_1_53' title='bbox 746 1005 911 1069; x_wconf 86' lang='lat' dir='ltr'><strong>emendare</strong></span> <span class='ocrx_word' id='word_1_54' title='bbox 933 1006 1118 1082; x_wconf 78' lang='lat' dir='ltr'><strong>studebant,</strong></span> 
     </span>
     <span class='ocr_line' id='line_1_8' title="bbox 59 1101 1118 1190; baseline -0.001 -24"><span class='ocrx_word' id='word_1_55' title='bbox 59 1107 186 1190; x_wconf 78' lang='lat' dir='ltr'><strong>spectris</strong></span> <span class='ocrx_word' id='word_1_56' title='bbox 203 1102 354 1179; x_wconf 87' lang='lat' dir='ltr'><strong>insolitis,</strong></span> <span class='ocrx_word' id='word_1_57' title='bbox 373 1104 504 1167; x_wconf 88' lang='lat' dir='ltr'><strong>domum</strong></span> <span class='ocrx_word' id='word_1_58' title='bbox 522 1125 557 1164; x_wconf 90' lang='lat' dir='ltr'><strong>ac</strong></span> <span class='ocrx_word' id='word_1_59' title='bbox 575 1105 783 1186; x_wconf 88' lang='lat' dir='ltr'><strong>possessiones</strong></span> <span class='ocrx_word' id='word_1_60' title='bbox 800 1101 866 1186; x_wconf 88' lang='lat' dir='ltr'><strong>ejus</strong></span> <span class='ocrx_word' id='word_1_61' title='bbox 882 1104 1118 1179; x_wconf 82' lang='lat' dir='ltr'><strong>infestantibus,</strong></span> 
     </span>
     <span class='ocr_line' id='line_1_9' title="bbox 58 1200 1119 1286; baseline -0.002 -22"><span class='ocrx_word' id='word_1_62' title='bbox 58 1217 121 1264; x_wconf 88' lang='lat' dir='ltr'><strong>tam</strong></span> <span class='ocrx_word' id='word_1_63' title='bbox 134 1203 194 1264; x_wconf 91' lang='lat' dir='ltr'><strong>diu</strong></span> <span class='ocrx_word' id='word_1_64' title='bbox 204 1215 333 1285; x_wconf 87' lang='lat' dir='ltr'><strong>tamque</strong></span> <span class='ocrx_word' id='word_1_65' title='bbox 343 1201 521 1286; x_wconf 85' lang='lat' dir='ltr'><strong>petulanter</strong></span> <span class='ocrx_word' id='word_1_66' title='bbox 532 1200 732 1262; x_wconf 85' lang='lat' dir='ltr'><strong>ludebantur.</strong></span> <span class='ocrx_word' id='word_1_67' title='bbox 744 1202 1012 1264; x_wconf 74' lang='lat' dir='ltr'><strong>commentatores</strong></span> <span class='ocrx_word' id='word_1_68' title='bbox 1022 1203 1119 1263; x_wconf 90' lang='lat' dir='ltr'><strong>edito·</strong></span> 
     </span>
     <span class='ocr_line' id='line_1_10' title="bbox 59 1298 1119 1384; baseline -0.001 -23"><span class='ocrx_word' id='word_1_69' title='bbox 59 1321 166 1384; x_wconf 84' lang='lat' dir='ltr'><strong>resque</strong></span> <span class='ocrx_word' id='word_1_70' title='bbox 182 1298 310 1376; x_wconf 83' lang='lat' dir='ltr'><strong>exindo,</strong></span> <span class='ocrx_word' id='word_1_71' title='bbox 327 1298 404 1360; x_wconf 87' lang='lat' dir='ltr'><strong>alter</strong></span> <span class='ocrx_word' id='word_1_72' title='bbox 419 1298 543 1359; x_wconf 85' lang='lat' dir='ltr'><strong>alterius</strong></span> <span class='ocrx_word' id='word_1_73' title='bbox 560 1301 775 1368; x_wconf 89' lang='lat' dir='ltr'><strong>auctoritatem</strong></span> <span class='ocrx_word' id='word_1_74' title='bbox 787 1301 927 1376; x_wconf 86' lang='lat' dir='ltr'><strong>reveriti,</strong></span> <span class='ocrx_word' id='word_1_75' title='bbox 944 1312 1119 1383; x_wconf 86' lang='lat' dir='ltr'><strong>pertraxere</strong></span> 
     </span>
     <span class='ocr_line' id='line_1_11' title="bbox 60 1397 1119 1481; baseline -0.002 -20"><span class='ocrx_word' id='word_1_76' title='bbox 60 1421 123 1461; x_wconf 87' lang='lat' dir='ltr'><strong>ram</strong></span> <span class='ocrx_word' id='word_1_77' title='bbox 139 1399 315 1480; x_wconf 73' lang='lat' dir='ltr'><strong>litigiosam</strong></span> <span class='ocrx_word' id='word_1_78' title='bbox 334 1419 433 1481; x_wconf 89' lang='lat' dir='ltr'><strong>usque</strong></span> <span class='ocrx_word' id='word_1_79' title='bbox 455 1397 488 1460; x_wconf 87' lang='lat' dir='ltr'><strong>in</strong></span> <span class='ocrx_word' id='word_1_80' title='bbox 509 1397 682 1474; x_wconf 81' lang='lat' dir='ltr'><strong>Groevium,</strong></span> <span class='ocrx_word' id='word_1_81' title='bbox 702 1400 773 1480; x_wconf 89' lang='lat' dir='ltr'><strong>qui,</strong></span> <span class='ocrx_word' id='word_1_82' title='bbox 792 1421 892 1481; x_wconf 91' lang='lat' dir='ltr'><strong>quum</strong></span> <span class='ocrx_word' id='word_1_83' title='bbox 910 1397 1014 1461; x_wconf 90' lang='lat' dir='ltr'><strong>ulcera</strong></span> <span class='ocrx_word' id='word_1_84' title='bbox 1032 1399 1119 1460; x_wconf 91' lang='lat' dir='ltr'><strong>Flori</strong></span> 
     </span>
     <span class='ocr_line' id='line_1_12' title="bbox 60 1495 1118 1580; baseline -0.001 -21"><span class='ocrx_word' id='word_1_85' title='bbox 60 1499 180 1580; x_wconf 74' lang='lat' dir='ltr'><strong>egregie</strong></span> <span class='ocrx_word' id='word_1_86' title='bbox 195 1497 331 1573; x_wconf 83' lang='lat' dir='ltr'><strong>videret,</strong></span> <span class='ocrx_word' id='word_1_87' title='bbox 345 1497 448 1559; x_wconf 86' lang='lat' dir='ltr'><strong>scabie</strong></span> <span class='ocrx_word' id='word_1_88' title='bbox 466 1508 573 1556; x_wconf 87' lang='lat' dir='ltr'><strong>tamen</strong></span> <span class='ocrx_word' id='word_1_89' title='bbox 595 1495 698 1557; x_wconf 77' lang='lat' dir='ltr'><strong>saculi</strong></span> <span class='ocrx_word' id='word_1_90' title='bbox 720 1498 767 1560; x_wconf 92' lang='lat' dir='ltr'><strong>sui</strong></span> <span class='ocrx_word' id='word_1_91' title='bbox 787 1497 938 1559; x_wconf 82' lang='lat' dir='ltr'><strong>infectum</strong></span> <span class='ocrx_word' id='word_1_92' title='bbox 960 1511 1118 1558; x_wconf 88' lang='lat' dir='ltr'><strong>auctorem</strong></span> 
     </span>
     <span class='ocr_line' id='line_1_13' title="bbox 61 1594 1120 1679; baseline 0 -22"><span class='ocrx_word' id='word_1_93' title='bbox 61 1607 199 1678; x_wconf 88' lang='lat' dir='ltr'><strong>putaret,</strong></span> <span class='ocrx_word' id='word_1_94' title='bbox 211 1607 322 1657; x_wconf 85' lang='lat' dir='ltr'><strong>caetera</strong></span> <span class='ocrx_word' id='word_1_95' title='bbox 339 1594 505 1677; x_wconf 86' lang='lat' dir='ltr'><strong>pusillum,</strong></span> <span class='ocrx_word' id='word_1_96' title='bbox 523 1615 632 1677; x_wconf 87' lang='lat' dir='ltr'><strong>opem,</strong></span> <span class='ocrx_word' id='word_1_97' title='bbox 646 1618 742 1677; x_wconf 89' lang='lat' dir='ltr'><strong>quam</strong></span> <span class='ocrx_word' id='word_1_98' title='bbox 758 1596 838 1657; x_wconf 85' lang='lat' dir='ltr'><strong>ferre</strong></span> <span class='ocrx_word' id='word_1_99' title='bbox 851 1595 936 1661; x_wconf 88' lang='lat' dir='ltr'><strong>haud</strong></span> <span class='ocrx_word' id='word_1_100' title='bbox 952 1595 1047 1657; x_wconf 93' lang='lat' dir='ltr'><strong>dubie</strong></span> <span class='ocrx_word' id='word_1_101' title='bbox 1063 1617 1120 1679; x_wconf 92' lang='lat' dir='ltr'><strong>po·</strong></span> 
     </span>
     <span class='ocr_line' id='line_1_14' title="bbox 61 1691 1116 1777; baseline -0.002 -22"><span class='ocrx_word' id='word_1_102' title='bbox 61 1694 182 1770; x_wconf 87' lang='lat' dir='ltr'><strong>tuisset,</strong></span> <span class='ocrx_word' id='word_1_103' title='bbox 201 1695 226 1754; x_wconf 89' lang='lat' dir='ltr'><strong>si</strong></span> <span class='ocrx_word' id='word_1_104' title='bbox 245 1696 388 1754; x_wconf 87' lang='lat' dir='ltr'><strong>animum</strong></span> <span class='ocrx_word' id='word_1_105' title='bbox 406 1691 567 1753; x_wconf 86' lang='lat' dir='ltr'><strong>attendere</strong></span> <span class='ocrx_word' id='word_1_106' title='bbox 583 1692 745 1770; x_wconf 88' lang='lat' dir='ltr'><strong>voluisset,</strong></span> <span class='ocrx_word' id='word_1_107' title='bbox 763 1708 909 1777; x_wconf 69' lang='lat' dir='ltr'><strong>praestare</strong></span> <span class='ocrx_word' id='word_1_108' title='bbox 927 1695 1116 1776; x_wconf 77' lang='lat' dir='ltr'><strong>supersedit:</strong></span> 
     </span>
     <span class='ocr_line' id='line_1_15' title="bbox 61 1789 1119 1873; baseline -0.001 -21"><span class='ocrx_word' id='word_1_109' title='bbox 61 1790 284 1852; x_wconf 75' lang='lat' dir='ltr'><strong>subsannando</strong></span> <span class='ocrx_word' id='word_1_110' title='bbox 297 1812 332 1851; x_wconf 87' lang='lat' dir='ltr'><strong>ac</strong></span> <span class='ocrx_word' id='word_1_111' title='bbox 344 1789 475 1850; x_wconf 90' lang='lat' dir='ltr'><strong>ridendo</strong></span> <span class='ocrx_word' id='word_1_112' title='bbox 486 1789 677 1869; x_wconf 84' lang='lat' dir='ltr'><strong>juvenilem,</strong></span> <span class='ocrx_word' id='word_1_113' title='bbox 696 1803 731 1849; x_wconf 88' lang='lat' dir='ltr'><strong>ut</strong></span> <span class='ocrx_word' id='word_1_114' title='bbox 749 1791 898 1873; x_wconf 88' lang='lat' dir='ltr'><strong>putabat,</strong></span> <span class='ocrx_word' id='word_1_115' title='bbox 917 1791 1119 1872; x_wconf 89' lang='lat' dir='ltr'><strong>scriptorem,</strong></span> 
     </span>
     <span class='ocr_line' id='line_1_16' title="bbox 61 1887 1117 1970; baseline 0 -21"><span class='ocrx_word' id='word_1_116' title='bbox 61 1889 161 1970; x_wconf 86' lang='lat' dir='ltr'><strong>quiin</strong></span> <span class='ocrx_word' id='word_1_117' title='bbox 177 1887 326 1952; x_wconf 84' lang='lat' dir='ltr'><strong>historico</strong></span> <span class='ocrx_word' id='word_1_118' title='bbox 339 1908 430 1970; x_wconf 88' lang='lat' dir='ltr'><strong>opere</strong></span> <span class='ocrx_word' id='word_1_119' title='bbox 441 1887 563 1968; x_wconf 83' lang='lat' dir='ltr'><strong>poetico</strong></span> <span class='ocrx_word' id='word_1_120' title='bbox 580 1899 656 1946; x_wconf 83' lang='lat' dir='ltr'><strong>aestu</strong></span> <span class='ocrx_word' id='word_1_121' title='bbox 675 1887 818 1969; x_wconf 87' lang='lat' dir='ltr'><strong>abreptus</strong></span> <span class='ocrx_word' id='word_1_122' title='bbox 836 1887 1027 1969; x_wconf 88' lang='lat' dir='ltr'><strong>quandoque</strong></span> <span class='ocrx_word' id='word_1_123' title='bbox 1044 1889 1117 1949; x_wconf 85' lang='lat' dir='ltr'><strong>deli·</strong></span> 
     </span>
     <span class='ocr_line' id='line_1_17' title="bbox 60 1982 1118 2066; baseline -0.002 -19"><span class='ocrx_word' id='word_1_124' title='bbox 60 1996 169 2064; x_wconf 67' lang='lat' dir='ltr'><strong>rause,</strong></span> <span class='ocrx_word' id='word_1_125' title='bbox 181 1982 361 2066; x_wconf 73' lang='lat' dir='ltr'><strong>praejudicia</strong></span> <span class='ocrx_word' id='word_1_126' title='bbox 375 1983 517 2059; x_wconf 89' lang='lat' dir='ltr'><strong>illorum,</strong></span> <span class='ocrx_word' id='word_1_127' title='bbox 530 1985 586 2064; x_wconf 90' lang='lat' dir='ltr'><strong>qui</strong></span> <span class='ocrx_word' id='word_1_128' title='bbox 599 1983 636 2043; x_wconf 95' lang='lat' dir='ltr'><strong>de</strong></span> <span class='ocrx_word' id='word_1_129' title='bbox 652 1985 745 2044; x_wconf 81' lang='lat' dir='ltr'><strong>Floro</strong></span> <span class='ocrx_word' id='word_1_130' title='bbox 760 1985 803 2045; x_wconf 86' lang='lat' dir='ltr'><strong>ita</strong></span> <span class='ocrx_word' id='word_1_131' title='bbox 816 1983 957 2066; x_wconf 87' lang='lat' dir='ltr'><strong>judicare</strong></span> <span class='ocrx_word' id='word_1_132' title='bbox 974 1984 1118 2045; x_wconf 87' lang='lat' dir='ltr'><strong>adsueve-</strong></span> 
     </span>
     <span class='ocr_line' id='line_1_18' title="bbox 61 2079 1119 2158; baseline 0.004 -19"><span class='ocrx_word' id='word_1_133' title='bbox 61 2093 145 2158; x_wconf 84' lang='lat' dir='ltr'><strong>rant,</strong></span> <span class='ocrx_word' id='word_1_134' title='bbox 160 2083 255 2143; x_wconf 83' lang='lat' dir='ltr'><strong>etiam</strong></span> <span class='ocrx_word' id='word_1_135' title='bbox 267 2079 473 2142; x_wconf 79' lang='lat' dir='ltr'><strong>confirmavit.</strong></span> <span class='ocrx_word' id='word_1_136' title='bbox 483 2082 601 2141; x_wconf 85' lang='lat' dir='ltr'><strong>Verum</strong></span> <span class='ocrx_word' id='word_1_137' title='bbox 613 2083 699 2142; x_wconf 87' lang='lat' dir='ltr'><strong>enim</strong></span> <span class='ocrx_word' id='word_1_138' title='bbox 713 2103 805 2157; x_wconf 87' lang='lat' dir='ltr'><strong>vero,</strong></span> <span class='ocrx_word' id='word_1_139' title='bbox 820 2094 855 2142; x_wconf 92' lang='lat' dir='ltr'><strong>ut</strong></span> <span class='ocrx_word' id='word_1_140' title='bbox 871 2081 951 2141; x_wconf 89' lang='lat' dir='ltr'><strong>nihil</strong></span> <span class='ocrx_word' id='word_1_141' title='bbox 967 2103 1031 2143; x_wconf 89' lang='lat' dir='ltr'><strong>esse</strong></span> <span class='ocrx_word' id='word_1_142' title='bbox 1042 2082 1119 2145; x_wconf 88' lang='lat' dir='ltr'><strong>solet</strong></span> 
     </span>
     <span class='ocr_line' id='line_1_19' title="bbox 62 2177 1118 2262; baseline 0.001 -25"><span class='ocrx_word' id='word_1_143' title='bbox 62 2177 98 2237; x_wconf 87' lang='lat' dir='ltr'><strong>ad</strong></span> <span class='ocrx_word' id='word_1_144' title='bbox 110 2179 201 2238; x_wconf 90' lang='lat' dir='ltr'><strong>omni</strong></span> <span class='ocrx_word' id='word_1_145' title='bbox 217 2190 307 2262; x_wconf 91' lang='lat' dir='ltr'><strong>parte</strong></span> <span class='ocrx_word' id='word_1_146' title='bbox 320 2178 463 2253; x_wconf 84' lang='lat' dir='ltr'><strong>beatum,</strong></span> <span class='ocrx_word' id='word_1_147' title='bbox 479 2178 523 2237; x_wconf 88' lang='lat' dir='ltr'><strong>ita</strong></span> <span class='ocrx_word' id='word_1_148' title='bbox 540 2199 597 2238; x_wconf 89' lang='lat' dir='ltr'><strong>nec</strong></span> <span class='ocrx_word' id='word_1_149' title='bbox 611 2200 839 2261; x_wconf 88' lang='lat' dir='ltr'><strong>usquequaque·</strong></span> <span class='ocrx_word' id='word_1_150' title='bbox 849 2179 1049 2241; x_wconf 89' lang='lat' dir='ltr'><strong>damnosum.</strong></span> <span class='ocrx_word' id='word_1_151' title='bbox 1066 2180 1118 2239; x_wconf 88' lang='lat' dir='ltr'><strong>Me</strong></span> 
     </span>
     <span class='ocr_line' id='line_1_20' title="bbox 62 2273 1203 2358; baseline 0.002 -23"><span class='ocrx_word' id='word_1_152' title='bbox 62 2274 185 2351; x_wconf 81' lang='lat' dir='ltr'><strong>saltem,</strong></span> <span class='ocrx_word' id='word_1_153' title='bbox 198 2288 236 2335; x_wconf 90' lang='lat' dir='ltr'><strong>ut</strong></span> <span class='ocrx_word' id='word_1_154' title='bbox 250 2275 388 2355; x_wconf 78' lang='lat' dir='ltr'><strong>ingenue</strong></span> <span class='ocrx_word' id='word_1_155' title='bbox 402 2274 511 2350; x_wconf 86' lang='lat' dir='ltr'><strong>fatear,</strong></span> <span class='ocrx_word' id='word_1_156' title='bbox 528 2276 595 2357; x_wconf 88' lang='lat' dir='ltr'><strong>ipsa</strong></span> <span class='ocrx_word' id='word_1_157' title='bbox 610 2273 675 2336; x_wconf 85' lang='lat' dir='ltr'><strong>haec</strong></span> <span class='ocrx_word' id='word_1_158' title='bbox 687 2276 800 2336; x_wconf 81' lang='lat' dir='ltr'><strong>Graevii</strong></span> <span class='ocrx_word' id='word_1_159' title='bbox 812 2298 941 2336; x_wconf 87' lang='lat' dir='ltr'><strong>censura</strong></span> <span class='ocrx_word' id='word_1_160' title='bbox 952 2276 1001 2337; x_wconf 89' lang='lat' dir='ltr'><strong>vel</strong></span> <span class='ocrx_word' id='word_1_161' title='bbox 1012 2279 1119 2358; x_wconf 81' lang='lat' dir='ltr'><strong>praeci·</strong></span> <span class='ocrx_word' id='word_1_162' title='bbox 1200 2337 1203 2344; x_wconf 84' lang='grc'>,</span> 
     </span>
     <span class='ocr_line' id='line_1_21' title="bbox 62 2371 1116 2455; baseline 0.002 -21"><span class='ocrx_word' id='word_1_163' title='bbox 62 2394 120 2455; x_wconf 87' lang='lat' dir='ltr'><strong>pua</strong></span> <span class='ocrx_word' id='word_1_164' title='bbox 142 2371 273 2455; x_wconf 90' lang='lat' dir='ltr'><strong>impulit</strong></span> <span class='ocrx_word' id='word_1_165' title='bbox 292 2374 331 2434; x_wconf 90' lang='lat' dir='ltr'><strong>ad</strong></span> <span class='ocrx_word' id='word_1_166' title='bbox 354 2373 484 2434; x_wconf 89' lang='lat' dir='ltr'><strong>Florum</strong></span> <span class='ocrx_word' id='word_1_167' title='bbox 504 2386 645 2435; x_wconf 88' lang='lat' dir='ltr'><strong>nostrum</strong></span> <span class='ocrx_word' id='word_1_168' title='bbox 669 2376 813 2443; x_wconf 85' lang='lat' dir='ltr'><strong>attentius</strong></span> <span class='ocrx_word' id='word_1_169' title='bbox 836 2374 1116 2451; x_wconf 88' lang='lat' dir='ltr'><strong>considerandum,</strong></span> 
     </span>
     <span class='ocr_line' id='line_1_22' title="bbox 62 2460 1118 2556; baseline 0.004 -25"><span class='ocrx_word' id='word_1_170' title='bbox 62 2492 123 2553; x_wconf 91' lang='lat' dir='ltr'><strong>quo</strong></span> <span class='ocrx_word' id='word_1_171' title='bbox 133 2471 238 2532; x_wconf 89' lang='lat' dir='ltr'><strong>studio</strong></span> <span class='ocrx_word' id='word_1_172' title='bbox 247 2460 381 2554; x_wconf 78' lang='lat' dir='ltr'><strong>deniq&#39;ue</strong></span> <span class='ocrx_word' id='word_1_173' title='bbox 390 2471 538 2532; x_wconf 88' lang='lat' dir='ltr'><strong>effectum</strong></span> <span class='ocrx_word' id='word_1_174' title='bbox 549 2492 654 2554; x_wconf 90' lang='lat' dir='ltr'><strong>spero,</strong></span> <span class='ocrx_word' id='word_1_175' title='bbox 664 2484 700 2532; x_wconf 93' lang='lat' dir='ltr'><strong>ut</strong></span> <span class='ocrx_word' id='word_1_176' title='bbox 709 2472 875 2532; x_wconf 89' lang='lat' dir='ltr'><strong>subdititiis</strong></span> <span class='ocrx_word' id='word_1_177' title='bbox 884 2472 1118 2556; x_wconf 89' lang='lat' dir='ltr'><strong>adventitiisque</strong></span> 
     </span>
     <span class='ocr_line' id='line_1_23' title="bbox 62 2568 1117 2656; baseline 0.001 -26"><span class='ocrx_word' id='word_1_178' title='bbox 62 2568 219 2645; x_wconf 87' lang='lat' dir='ltr'><strong>sordibus,</strong></span> <span class='ocrx_word' id='word_1_179' title='bbox 234 2571 259 2630; x_wconf 88' lang='lat' dir='ltr'><strong>si</strong></span> <span class='ocrx_word' id='word_1_180' title='bbox 270 2592 335 2633; x_wconf 90' lang='lat' dir='ltr'><strong>non</strong></span> <span class='ocrx_word' id='word_1_181' title='bbox 349 2572 513 2646; x_wconf 87' lang='lat' dir='ltr'><strong>omnibus,</strong></span> <span class='ocrx_word' id='word_1_182' title='bbox 527 2570 634 2631; x_wconf 87' lang='lat' dir='ltr'><strong>saltem</strong></span> <span class='ocrx_word' id='word_1_183' title='bbox 645 2572 811 2652; x_wconf 87' lang='lat' dir='ltr'><strong>potissimis</strong></span> <span class='ocrx_word' id='word_1_184' title='bbox 822 2585 971 2654; x_wconf 76' lang='lat' dir='ltr'><strong>purgatus</strong></span> <span class='ocrx_word' id='word_1_185' title='bbox 982 2574 1117 2656; x_wconf 85' lang='lat' dir='ltr'><strong>optimus</strong></span> 
     </span>
     <span class='ocr_line' id='line_1_24' title="bbox 63 2670 1118 2753; baseline 0.003 -25"><span class='ocrx_word' id='word_1_186' title='bbox 63 2682 183 2745; x_wconf 89' lang='lat' dir='ltr'><strong>auctor,</strong></span> <span class='ocrx_word' id='word_1_187' title='bbox 205 2670 240 2731; x_wconf 88' lang='lat' dir='ltr'><strong>in</strong></span> <span class='ocrx_word' id='word_1_188' title='bbox 262 2672 469 2751; x_wconf 88' lang='lat' dir='ltr'><strong>possessiones</strong></span> <span class='ocrx_word' id='word_1_189' title='bbox 491 2690 561 2730; x_wconf 90' lang='lat' dir='ltr'><strong>suas</strong></span> <span class='ocrx_word' id='word_1_190' title='bbox 585 2691 615 2730; x_wconf 90' lang='lat' dir='ltr'><strong>se</strong></span> <span class='ocrx_word' id='word_1_191' title='bbox 638 2670 765 2733; x_wconf 90' lang='lat' dir='ltr'><strong>demum</strong></span> <span class='ocrx_word' id='word_1_192' title='bbox 785 2672 963 2733; x_wconf 86' lang='lat' dir='ltr'><strong>restitutum</strong></span> <span class='ocrx_word' id='word_1_193' title='bbox 983 2672 1118 2753; x_wconf 81' lang='lat' dir='ltr'><strong>gaudere</strong></span> 
     </span>
     <span class='ocr_line' id='line_1_25' title="bbox 64 2765 1118 2850; baseline 0.004 -25"><span class='ocrx_word' id='word_1_194' title='bbox 64 2766 218 2846; x_wconf 73' lang='lat' dir='ltr'><strong>possit...</strong></span> <span class='ocrx_word' id='word_1_195' title='bbox 238 2765 297 2826; x_wconf 88' lang='lat' dir='ltr'><strong>Sed</strong></span> <span class='ocrx_word' id='word_1_196' title='bbox 315 2779 437 2849; x_wconf 90' lang='lat' dir='ltr'><strong>tempus</strong></span> <span class='ocrx_word' id='word_1_197' title='bbox 456 2777 517 2842; x_wconf 87' lang='lat' dir='ltr'><strong>est,</strong></span> <span class='ocrx_word' id='word_1_198' title='bbox 534 2779 569 2825; x_wconf 91' lang='lat' dir='ltr'><strong>ut</strong></span> <span class='ocrx_word' id='word_1_199' title='bbox 587 2780 659 2849; x_wconf 88' lang='lat' dir='ltr'><strong>post</strong></span> <span class='ocrx_word' id='word_1_200' title='bbox 676 2765 740 2827; x_wconf 82' lang='lat' dir='ltr'><strong>hoec</strong></span> <span class='ocrx_word' id='word_1_201' title='bbox 757 2767 891 2829; x_wconf 86' lang='lat' dir='ltr'><strong>indicata</strong></span> <span class='ocrx_word' id='word_1_202' title='bbox 910 2769 949 2827; x_wconf 91' lang='lat' dir='ltr'><strong>ad</strong></span> <span class='ocrx_word' id='word_1_203' title='bbox 966 2767 1118 2850; x_wconf 86' lang='lat' dir='ltr'><strong>reliquam</strong></span> 
     </span>
     <span class='ocr_line' id='line_1_26' title="bbox 62 2864 1119 2947; baseline 0.001 -24"><span class='ocrx_word' id='word_1_204' title='bbox 62 2875 181 2944; x_wconf 88' lang='lat' dir='ltr'><strong>partem</strong></span> <span class='ocrx_word' id='word_1_205' title='bbox 190 2864 414 2945; x_wconf 87' lang='lat' dir='ltr'><strong>promissorum</strong></span> <span class='ocrx_word' id='word_1_206' title='bbox 426 2876 607 2923; x_wconf 87' lang='lat' dir='ltr'><strong>nostrorum</strong></span> <span class='ocrx_word' id='word_1_207' title='bbox 617 2867 793 2941; x_wconf 86' lang='lat' dir='ltr'><strong>veniamus,</strong></span> <span class='ocrx_word' id='word_1_208' title='bbox 805 2865 1004 2947; x_wconf 87' lang='lat' dir='ltr'><strong>dicamusque</strong></span> <span class='ocrx_word' id='word_1_209' title='bbox 1014 2865 1119 2947; x_wconf 85' lang='lat' dir='ltr'><strong>aliqua</strong></span> 
     </span>
     <span class='ocr_line' id='line_1_27' title="bbox 62 2961 1127 3044; baseline 0 -24"><span class='ocrx_word' id='word_1_210' title='bbox 62 2961 99 3021; x_wconf 92' lang='lat' dir='ltr'><strong>de</strong></span> <span class='ocrx_word' id='word_1_211' title='bbox 112 2961 199 3021; x_wconf 83' lang='lat' dir='ltr'><strong>Flori</strong></span> <span class='ocrx_word' id='word_1_212' title='bbox 210 2962 310 3023; x_wconf 88' lang='lat' dir='ltr'><strong>nostri</strong></span> <span class='ocrx_word' id='word_1_213' title='bbox 324 2961 404 3037; x_wconf 87' lang='lat' dir='ltr'><strong>vita,</strong></span> <span class='ocrx_word' id='word_1_214' title='bbox 419 2962 521 3044; x_wconf 85' lang='lat' dir='ltr'><strong>patria</strong></span> <span class='ocrx_word' id='word_1_215' title='bbox 536 2973 566 3021; x_wconf 88' lang='lat' dir='ltr'><strong>et</strong></span> <span class='ocrx_word' id='word_1_216' title='bbox 580 2963 708 3022; x_wconf 88' lang='lat' dir='ltr'><strong>nomine</strong></span> <span class='ocrx_word' id='word_1_217' title='bbox 711 2999 1127 3023; x_wconf 86' lang='grc'><strong>......................</strong></span> 
     </span>
    </p>

    <p class='ocr_par' dir='ltr' id='par_1_3' title="bbox 63 3057 1120 3436">
     <span class='ocr_line' id='line_1_28' title="bbox 99 3057 1118 3134; baseline -0.003 -13"><span class='ocrx_word' id='word_1_218' title='bbox 99 3057 224 3121; x_wconf 78' lang='lat' dir='ltr'><strong>Adduxi</strong></span> <span class='ocrx_word' id='word_1_219' title='bbox 238 3058 454 3134; x_wconf 71' lang='lat' dir='ltr'><strong>Quaestionum</strong></span> <span class='ocrx_word' id='word_1_220' title='bbox 471 3080 612 3120; x_wconf 89' lang='lat' dir='ltr'><strong>mearum</strong></span> <span class='ocrx_word' id='word_1_221' title='bbox 626 3058 709 3119; x_wconf 90' lang='lat' dir='ltr'><strong>libro</strong></span> <span class='ocrx_word' id='word_1_222' title='bbox 724 3061 737 3118; x_wconf 96' lang='lat' dir='ltr'><strong>l</strong></span> <span class='ocrx_word' id='word_1_223' title='bbox 753 3079 861 3118; x_wconf 88' lang='lat' dir='ltr'><strong>ornnes</strong></span> <span class='ocrx_word' id='word_1_224' title='bbox 877 3058 941 3118; x_wconf 85' lang='lat' dir='ltr'><strong>fere</strong></span> <span class='ocrx_word' id='word_1_225' title='bbox 957 3059 1061 3133; x_wconf 84' lang='lat' dir='ltr'><strong>locos,</strong></span> <span class='ocrx_word' id='word_1_226' title='bbox 1082 3078 1118 3118; x_wconf 88' lang='lat' dir='ltr'><strong>ex</strong></span> 
     </span>
     <span class='ocr_line' id='line_1_29' title="bbox 63 3157 1120 3239; baseline 0.001 -23"><span class='ocrx_word' id='word_1_227' title='bbox 63 3157 174 3238; x_wconf 91' lang='lat' dir='ltr'><strong>quibus</strong></span> <span class='ocrx_word' id='word_1_228' title='bbox 196 3158 269 3217; x_wconf 87' lang='lat' dir='ltr'><strong>satis</strong></span> <span class='ocrx_word' id='word_1_229' title='bbox 290 3170 393 3239; x_wconf 88' lang='lat' dir='ltr'><strong>aperte</strong></span> <span class='ocrx_word' id='word_1_230' title='bbox 414 3157 510 3233; x_wconf 87' lang='lat' dir='ltr'><strong>redit,</strong></span> <span class='ocrx_word' id='word_1_231' title='bbox 534 3171 689 3218; x_wconf 88' lang='lat' dir='ltr'><strong>auctorem</strong></span> <span class='ocrx_word' id='word_1_232' title='bbox 708 3158 928 3239; x_wconf 86' lang='lat' dir='ltr'><strong>Epitomarum</strong></span> <span class='ocrx_word' id='word_1_233' title='bbox 949 3179 1016 3218; x_wconf 92' lang='lat' dir='ltr'><strong>non</strong></span> <span class='ocrx_word' id='word_1_234' title='bbox 1037 3157 1120 3233; x_wconf 88' lang='lat' dir='ltr'><strong>alio,</strong></span> 
     </span>
     <span class='ocr_line' id='line_1_30' title="bbox 64 3255 1119 3337; baseline 0 -21"><span class='ocrx_word' id='word_1_235' title='bbox 64 3275 156 3334; x_wconf 85' lang='lat' dir='ltr'><strong>quam</strong></span> <span class='ocrx_word' id='word_1_236' title='bbox 177 3257 306 3337; x_wconf 76' lang='lat' dir='ltr'><strong>Augusti</strong></span> <span class='ocrx_word' id='word_1_237' title='bbox 324 3276 391 3316; x_wconf 73' lang='lat' dir='ltr'><strong>arvo</strong></span> <span class='ocrx_word' id='word_1_238' title='bbox 410 3257 535 3331; x_wconf 86' lang='lat' dir='ltr'><strong>vixisse,</strong></span> <span class='ocrx_word' id='word_1_239' title='bbox 550 3256 703 3336; x_wconf 77' lang='lat' dir='ltr'><strong>longeque</strong></span> <span class='ocrx_word' id='word_1_240' title='bbox 723 3270 834 3321; x_wconf 88' lang='lat' dir='ltr'><strong>a&#39;vero</strong></span> <span class='ocrx_word' id='word_1_241' title='bbox 851 3256 1008 3316; x_wconf 87' lang='lat' dir='ltr'><strong>aberrasse</strong></span> <span class='ocrx_word' id='word_1_242' title='bbox 1027 3255 1119 3331; x_wconf 91' lang='lat' dir='ltr'><strong>illos,</strong></span> 
     </span>
     <span class='ocr_line' id='line_1_31' title="bbox 64 3351 1118 3436; baseline 0.001 -24"><span class='ocrx_word' id='word_1_243' title='bbox 64 3353 115 3434; x_wconf 89' lang='lat' dir='ltr'><strong>qui</strong></span> <span class='ocrx_word' id='word_1_244' title='bbox 127 3353 284 3436; x_wconf 88' lang='lat' dir='ltr'><strong>Spartiani</strong></span> <span class='ocrx_word' id='word_1_245' title='bbox 296 3368 327 3413; x_wconf 86' lang='lat' dir='ltr'><strong>et</strong></span> <span class='ocrx_word' id='word_1_246' title='bbox 340 3351 472 3413; x_wconf 87' lang='lat' dir='ltr'><strong>Charisii</strong></span> <span class='ocrx_word' id='word_1_247' title='bbox 483 3353 614 3414; x_wconf 91' lang='lat' dir='ltr'><strong>Florum</strong></span> <span class='ocrx_word' id='word_1_248' title='bbox 626 3355 660 3413; x_wconf 91' lang='lat' dir='ltr'><strong>in</strong></span> <span class='ocrx_word' id='word_1_249' title='bbox 672 3369 776 3415; x_wconf 87' lang='lat' dir='ltr'><strong>nostro</strong></span> <span class='ocrx_word' id='word_1_250' title='bbox 788 3355 969 3436; x_wconf 71' lang='lat' dir='ltr'><strong>querebant</strong></span> <span class='ocrx_word' id='word_1_251' title='bbox 971 3398 1118 3414; x_wconf 91' lang='grc'><strong>........</strong></span> 
     </span>
    </p>

    <p class='ocr_par' dir='ltr' id='par_1_4' title="bbox 62 3449 1121 4122">
     <span class='ocr_line' id='line_1_32' title="bbox 100 3449 1121 3534; baseline 0 -22"><span class='ocrx_word' id='word_1_252' title='bbox 100 3452 207 3533; x_wconf 84' lang='lat' dir='ltr'><strong>Neque</strong></span> <span class='ocrx_word' id='word_1_253' title='bbox 227 3472 300 3511; x_wconf 86' lang='lat' dir='ltr'><strong>vero</strong></span> <span class='ocrx_word' id='word_1_254' title='bbox 319 3449 386 3532; x_wconf 89' lang='lat' dir='ltr'><strong>jam</strong></span> <span class='ocrx_word' id='word_1_255' title='bbox 405 3472 484 3534; x_wconf 92' lang='lat' dir='ltr'><strong>opus</strong></span> <span class='ocrx_word' id='word_1_256' title='bbox 505 3453 578 3528; x_wconf 87' lang='lat' dir='ltr'><strong>erit,</strong></span> <span class='ocrx_word' id='word_1_257' title='bbox 603 3451 850 3534; x_wconf 87' lang='lat' dir='ltr'><strong>disquisitionem</strong></span> <span class='ocrx_word' id='word_1_258' title='bbox 872 3474 922 3512; x_wconf 91' lang='lat' dir='ltr'><strong>me</strong></span> <span class='ocrx_word' id='word_1_259' title='bbox 942 3452 1024 3513; x_wconf 92' lang='lat' dir='ltr'><strong>hanc</strong></span> <span class='ocrx_word' id='word_1_260' title='bbox 1046 3453 1121 3512; x_wconf 86' lang='lat' dir='ltr'><strong>inde</strong></span> 
     </span>
     <span class='ocr_line' id='line_1_33' title="bbox 65 3545 1120 3632; baseline 0.002 -26"><span class='ocrx_word' id='word_1_261' title='bbox 65 3545 186 3608; x_wconf 87' lang='lat' dir='ltr'><strong>ordiri..</strong></span> <span class='ocrx_word' id='word_1_262' title='bbox 197 3593 223 3608; x_wconf 91' lang='lat'><strong>..</strong></span> <span class='ocrx_word' id='word_1_263' title='bbox 236 3549 337 3624; x_wconf 83' lang='lat' dir='ltr'><strong>Quem</strong></span> <span class='ocrx_word' id='word_1_264' title='bbox 348 3549 448 3624; x_wconf 90' lang='lat' dir='ltr'><strong>enim,</strong></span> <span class='ocrx_word' id='word_1_265' title='bbox 458 3570 577 3630; x_wconf 82' lang='lat' dir='ltr'><strong>quaeso,</strong></span> <span class='ocrx_word' id='word_1_266' title='bbox 589 3550 700 3610; x_wconf 85' lang='lat' dir='ltr'><strong>rectius</strong></span> <span class='ocrx_word' id='word_1_267' title='bbox 709 3562 739 3610; x_wconf 92' lang='lat' dir='ltr'><strong>et</strong></span> <span class='ocrx_word' id='word_1_268' title='bbox 748 3547 942 3631; x_wconf 86' lang='lat' dir='ltr'><strong>probabilius</strong></span> <span class='ocrx_word' id='word_1_269' title='bbox 952 3570 1010 3632; x_wconf 91' lang='lat' dir='ltr'><strong>pro</strong></span> <span class='ocrx_word' id='word_1_270' title='bbox 1021 3549 1120 3610; x_wconf 90' lang='lat' dir='ltr'><strong>nostri</strong></span> 
     </span>
     <span class='ocr_line' id='line_1_34' title="bbox 64 3644 1119 3729; baseline 0.003 -26"><span class='ocrx_word' id='word_1_271' title='bbox 64 3647 163 3728; x_wconf 86' lang='lat' dir='ltr'><strong>operis</strong></span> <span class='ocrx_word' id='word_1_272' title='bbox 184 3658 311 3707; x_wconf 87' lang='lat' dir='ltr'><strong>auctore</strong></span> <span class='ocrx_word' id='word_1_273' title='bbox 330 3644 517 3723; x_wconf 88' lang='lat' dir='ltr'><strong>habeamus,</strong></span> <span class='ocrx_word' id='word_1_274' title='bbox 544 3669 639 3729; x_wconf 84' lang='lat' dir='ltr'><strong>quarn</strong></span> <span class='ocrx_word' id='word_1_275' title='bbox 660 3670 754 3729; x_wconf 89' lang='lat' dir='ltr'><strong>quem</strong></span> <span class='ocrx_word' id='word_1_276' title='bbox 780 3646 896 3708; x_wconf 86' lang='lat' dir='ltr'><strong>ibidem</strong></span> <span class='ocrx_word' id='word_1_277' title='bbox 920 3648 1119 3709; x_wconf 82' lang='lat' dir='ltr'><strong>excitavimus</strong></span> 
     </span>
     <span class='ocr_line' id='line_1_35' title="bbox 63 3741 1120 3828; baseline 0.001 -26"><span class='ocrx_word' id='word_1_278' title='bbox 63 3741 173 3804; x_wconf 78' lang='lat' dir='ltr'><strong>lulium</strong></span> <span class='ocrx_word' id='word_1_279' title='bbox 182 3743 318 3817; x_wconf 85' lang='lat' dir='ltr'><strong>Florum,</strong></span> <span class='ocrx_word' id='word_1_280' title='bbox 330 3745 462 3805; x_wconf 88' lang='lat' dir='ltr'><strong>Horatio</strong></span> <span class='ocrx_word' id='word_1_281' title='bbox 475 3746 688 3822; x_wconf 89' lang='lat' dir='ltr'><strong>notissimum,</strong></span> <span class='ocrx_word' id='word_1_282' title='bbox 701 3747 755 3811; x_wconf 79' lang='lat' dir='ltr'><strong>cui,</strong></span> <span class='ocrx_word' id='word_1_283' title='bbox 762 3746 925 3828; x_wconf 87' lang='lat' dir='ltr'><strong>inscriptas</strong></span> <span class='ocrx_word' id='word_1_284' title='bbox 939 3745 1015 3805; x_wconf 89' lang='lat' dir='ltr'><strong>duas</strong></span> <span class='ocrx_word' id='word_1_285' title='bbox 1027 3742 1120 3825; x_wconf 85' lang='lat' dir='ltr'><strong>hujus</strong></span> 
     </span>
     <span class='ocr_line' id='line_1_36' title="bbox 65 3840 1116 3926; baseline -0.002 -23"><span class='ocrx_word' id='word_1_286' title='bbox 65 3855 159 3922; x_wconf 80' lang='lat' dir='ltr'><strong>poetae</strong></span> <span class='ocrx_word' id='word_1_287' title='bbox 170 3840 334 3926; x_wconf 88' lang='lat' dir='ltr'><strong>epistolas,</strong></span> <span class='ocrx_word' id='word_1_288' title='bbox 346 3841 400 3902; x_wconf 92' lang='lat' dir='ltr'><strong>lib.</strong></span> <span class='ocrx_word' id='word_1_289' title='bbox 415 3844 445 3917; x_wconf 94' lang='lat' dir='ltr'><strong>I,</strong></span> <span class='ocrx_word' id='word_1_290' title='bbox 461 3844 495 3918; x_wconf 85' lang='lat'><strong>3,</strong></span> <span class='ocrx_word' id='word_1_291' title='bbox 508 3857 537 3902; x_wconf 88' lang='lat' dir='ltr'><strong>et</strong></span> <span class='ocrx_word' id='word_1_292' title='bbox 551 3843 663 3920; x_wconf 86' lang='lat' dir='ltr'><strong>lib.11,</strong></span> <span class='ocrx_word' id='word_1_293' title='bbox 680 3865 715 3921; x_wconf 81' lang='lat' dir='ltr'><strong>a,</strong></span> <span class='ocrx_word' id='word_1_294' title='bbox 729 3843 901 3904; x_wconf 92' lang='lat' dir='ltr'><strong>hodiedum</strong></span> <span class='ocrx_word' id='word_1_295' title='bbox 913 3864 1033 3904; x_wconf 90' lang='lat' dir='ltr'><strong>summa</strong></span> <span class='ocrx_word' id='word_1_296' title='bbox 1046 3864 1116 3904; x_wconf 88' lang='lat' dir='ltr'><strong>curn</strong></span> 
     </span>
     <span class='ocr_line' id='line_1_37' title="bbox 64 3938 1117 4024; baseline 0.001 -27"><span class='ocrx_word' id='word_1_297' title='bbox 64 3940 218 4022; x_wconf 86' lang='lat' dir='ltr'><strong>voluptate</strong></span> <span class='ocrx_word' id='word_1_298' title='bbox 239 3938 391 4020; x_wconf 76' lang='lat' dir='ltr'><strong>legimus?</strong></span> <span class='ocrx_word' id='word_1_299' title='bbox 411 3942 439 4001; x_wconf 92' lang='lat' dir='ltr'><strong>Is</strong></span> <span class='ocrx_word' id='word_1_300' title='bbox 461 3941 619 4023; x_wconf 88' lang='lat' dir='ltr'><strong>profecto,</strong></span> <span class='ocrx_word' id='word_1_301' title='bbox 641 3941 759 4024; x_wconf 90' lang='lat' dir='ltr'><strong>siquid</strong></span> <span class='ocrx_word' id='word_1_302' title='bbox 780 3963 837 4023; x_wconf 82' lang='lat' dir='ltr'><strong>ego</strong></span> <span class='ocrx_word' id='word_1_303' title='bbox 857 3954 937 4002; x_wconf 89' lang='lat' dir='ltr'><strong>recte</strong></span> <span class='ocrx_word' id='word_1_304' title='bbox 959 3941 1117 4014; x_wconf 85' lang='lat' dir='ltr'><strong>divinavi,</strong></span> 
     </span>
     <span class='ocr_line' id='line_1_38' title="bbox 62 4037 1117 4122; baseline 0.004 -29"><span class='ocrx_word' id='word_1_305' title='bbox 62 4052 166 4101; x_wconf 85' lang='lat' dir='ltr'><strong>noster</strong></span> <span class='ocrx_word' id='word_1_306' title='bbox 178 4050 223 4099; x_wconf 87' lang='lat' dir='ltr'><strong>est</strong></span> <span class='ocrx_word' id='word_1_307' title='bbox 233 4038 367 4111; x_wconf 82' lang='lat' dir='ltr'><strong>Florus,</strong></span> <span class='ocrx_word' id='word_1_308' title='bbox 384 4038 737 4122; x_wconf 60' lang='lat' dir='ltr'><strong>Epitomarumfelegans</strong></span> <span class='ocrx_word' id='word_1_309' title='bbox 757 4052 894 4101; x_wconf 86' lang='lat' dir='ltr'><strong>auctor..</strong></span> <span class='ocrx_word' id='word_1_310' title='bbox 909 4085 916 4098; x_wconf 89' lang='grc'><strong>.</strong></span> <span class='ocrx_word' id='word_1_311' title='bbox 929 4085 935 4099; x_wconf 92' lang='grc'><strong>.</strong></span> <span class='ocrx_word' id='word_1_312' title='bbox 949 4087 954 4099; x_wconf 95' lang='grc'>.</span> <span class='ocrx_word' id='word_1_313' title='bbox 967 4086 974 4099; x_wconf 86' lang='grc'><strong>.</strong></span> <span class='ocrx_word' id='word_1_314' title='bbox 988 4086 994 4099; x_wconf 94' lang='grc'><strong>.</strong></span> <span class='ocrx_word' id='word_1_315' title='bbox 1009 4086 1015 4098; x_wconf 91' lang='grc'><strong>.</strong></span> <span class='ocrx_word' id='word_1_316' title='bbox 1028 4037 1035 4099; x_wconf 76' lang='grc'><strong>.’</strong></span> <span class='ocrx_word' id='word_1_317' title='bbox 1049 4084 1055 4097; x_wconf 90' lang='grc'><strong>.</strong></span> <span class='ocrx_word' id='word_1_318' title='bbox 1069 4084 1074 4095; x_wconf 95' lang='grc'><strong><em>.</em></strong></span> <span class='ocrx_word' id='word_1_319' title='bbox 1088 4079 1117 4096; x_wconf 90' lang='grc'><strong>..</strong></span> 
     </span>
    </p>
   </div>
   <div class='ocr_carea' id='block_1_3' title="bbox 0 0 1328 4808">
    <p class='ocr_par' dir='ltr' id='par_1_5' title="bbox 0 0 1328 4808">
     <span class='ocr_line' id='line_1_39' title="bbox 0 0 1328 4808; baseline 0 0"><span class='ocrx_word' id='word_1_320' title='bbox 0 0 1328 4808; x_wconf 95' lang='lat' dir='ltr'><strong> </strong></span> 
     </span>
    </p>
   </div>
  </div>
 </body>
</html>
