2640 4808
281 383 594 449 rusrrnonra
616 386 678 448 nr
701 387 910 451 Junrora⁸
958 369 962 396 '
1104 413 1124 478 9

56 511 174 582 citent,
186 526 289 588 quum
306 518 338 566 et
350 505 493 566 Solinum
505 509 635 589 saepius,
647 508 703 588 qui
715 482 810 590 longe
826 523 897 591 post
909 521 1051 590 tempora
1065 512 1127 570 An·

55 608 118 667 ntei
136 604 230 665 Flori
248 605 342 680 vixit,
365 617 399 665 ut
418 605 493 665 alibi
513 605 657 689 pluribus
678 607 895 682 ostendemus,
915 621 946 667 et
964 605 1041 669 alios
1060 628 1126 669 non

56 706 248 766 vetustiores
267 716 322 764 aut
340 705 483 766 meliores
501 706 610 767 Solino
629 708 749 790 scriptis
767 709 847 782 suis,
865 720 901 766 ut
915 706 1084 790 locupletet
1097 720 1128 768 ot

56 803 194 865 idoneos
210 815 301 864 testes
313 802 474 864 advocent

419 1037 449 1099 J.
473 1036 513 1100 G.
539 1035 775 1115 GRAEVIUS,
813 1107 818 1117 ,

306 1248 346 1288 ΙΝ
374 1248 626 1290 PRAEFATIONE
652 1251 699 1290 AD
725 1249 891 1290 nonunt.

103 1418 139 1475 t.
163 1415 276 1474 Annaei
301 1413 387 1473 Flori
407 1416 569 1496 Epitome,
587 1438 651 1497 quo
673 1415 898 1499 posterioribus
919 1417 1129 1499 temporibus,

64 1532 165 1592 quum
173 1531 234 1592 pro
245 1509 413 1571 bominum
424 1510 552 1572 illorum
565 1513 709 1574 socordia
719 1514 933 1595 praestantium
944 1514 1129 1595 scriptorum

64 1608 235 1669 volumina
248 1608 419 1688 grandiora
433 1610 608 1683 sorderent,
622 1611 758 1692 plurium
770 1598 1001 1670 describebatur
1012 1624 1042 1669 et
1053 1623 1130 1670 tere-

64 1705 162 1766 batur
173 1706 339 1781 manibus,
352 1719 440 1766 tanto
457 1707 640 1787 flagitiosius
655 1707 715 1767 fuit
727 1719 889 1789 corrupta,
905 1721 934 1766 et
947 1705 1130 1767 foedioribus

67 1806 238 1885 inquinata
256 1804 398 1866 maculis.
421 1807 457 1865 ln
475 1806 536 1866 illis
556 1808 785 1889 expungendis,
801 1819 830 1866 et
850 1807 979 1888 pristina
1000 1807 1132 1866 sanitate

68 1902 330 1982 redintegranda,
354 1923 453 1982 quum
476 1916 547 1985 post
570 1919 690 1964 tantam
714 1918 744 1963 et
769 1917 833 1962 tarn
857 1902 984 1983 longam
1007 1916 1132 1961 noctem

67 1999 355 2081 pulcherrimarum
370 2003 483 2060 artium
499 2002 552 2062 lux
564 2004 744 2077 exoriretur,
760 2000 893 2061 multum
907 2000 1002 2059 studii
1016 2020 1131 2081 operm·

70 2120 132 2180 que
143 2110 336 2179 posuerunt,
350 2099 405 2180 qui
419 2100 547 2180 ingenio
560 2114 590 2160 et
603 2101 746 2160 doctrina
759 2120 822 2181 prae
838 2099 970 2172 caeteris,
983 2117 1039 2156 suo
1053 2097 1134 2178 quis-

71 2219 132 2279 que
144 2196 270 2270 saeculo,
283 2197 472 2273 floruerunt,
484 2198 719 2272 EliasVinetus,
729 2200 834 2258 Justus
846 2199 983 2279 Lipsius,
997 2199 1133 2256 Joannes

72 2295 241 2370 Gruterus,
257 2293 407 2354 Claudius
428 2295 610 2370 Salmasius,
630 2297 768 2355 Joannes
786 2292 1033 2369 Freinshemius,
1053 2292 1134 2352 Ada-

72 2413 143 2452 mus
155 2393 329 2475 Rupertus,
344 2406 374 2453 et
392 2395 540 2475 nuperius
555 2397 659 2469 Anna,
674 2392 852 2474 'fanaquilli
864 2393 958 2452 Fabri
975 2391 1050 2451 filia.
1066 2392 1134 2450 Hoc

73 2507 180 2550 tamen
208 2491 315 2571 Augiae
338 2490 495 2551 stabulum
521 2512 587 2552 non
612 2494 655 2552 sic
678 2505 850 2573 potuerunt
875 2512 1030 2572 purgare,
1058 2490 1134 2572 quin

74 2587 174 2647 multa
195 2585 445 2669 relinquerentur
463 2603 660 2672 posterorum
677 2589 837 2648 industriae
855 2609 890 2648 ac
909 2588 1051 2648 solertiae.
1073 2589 1135 2647 Nec

73 2683 155 2744 nibil
175 2685 213 2744 ad
231 2684 437 2746 cumulandos
455 2684 513 2747 hos
535 2708 639 2748 naevos
660 2688 726 2767 ipsa
746 2685 901 2746 scribendi
921 2689 1020 2759 ratio,
1040 2707 1135 2767 quam

75 2796 195 2842 secutus
208 2795 253 2842 est
264 2782 390 2858 Florus,
403 2782 547 2844 contulit.
562 2786 642 2845 Nam
654 2805 752 2865 quum
767 2783 889 2844 ablatus
904 2783 1070 2865 depravata
1086 2784 1137 2844 de-

75 2880 282 2941 clamatorum
297 2882 395 2941 aetatis
411 2903 473 2942 suae
491 2882 615 2942 dicendi
629 2882 872 2958 consuetudine,
889 2880 1024 2941 multum
1039 2879 1135 2941 desci-

76 2981 168 3040 visset
184 3001 202 3039 a
222 2982 329 3040 nativa
348 2979 402 3040 illa
421 2995 451 3040 et
468 2980 607 3041 infucata
626 2981 763 3040 castitate
783 2995 813 3040 et
829 2979 965 3040 candore
986 2980 1136 3040 sermonis

75 3078 190 3151 Latini,
198 3079 253 3157 qui
264 3078 298 3136 in
304 3077 444 3137 Tulliani
455 3091 486 3138 et
496 3079 643 3160 Augustei
654 3078 772 3137 sacculis
783 3077 985 3158 scriptoribus
996 3075 1135 3157 effulget,

78 3192 108 3233 ct
123 3175 276 3234 cincinnis
293 3195 328 3234 ac
347 3174 529 3252 calamistris
544 3174 790 3248 declamatoriis,
809 3174 938 3234 concisis
952 3187 982 3233 et
996 3174 1136 3257 abruptis

78 3271 253 3345 sententiis,
274 3291 417 3330 necnon
440 3273 622 3331 acuminum
644 3273 773 3352 argutiis
792 3292 879 3330 suam
897 3290 978 3351 saepe
998 3284 1137 3331 caecasset

79 3371 269 3443 orationem,
286 3368 378 3429 rudes
392 3369 599 3429 barbarorum
613 3369 801 3430 saeculorum
814 3367 973 3441 homines,
985 3389 1054 3450 quae
1071 3390 1137 3429 non

80 3467 258 3548 capiebant,
268 3465 500 3548 interpolarunt
510 3466 664 3540 crebrius,
675 3478 705 3526 et
714 3465 877 3539 audacius,
886 3464 970 3546 quod
984 3479 1013 3525 et
1022 3465 1137 3525 Valerii

79 3564 206 3624 Maximi
219 3561 320 3623 fatum
334 3563 411 3640 fuit,
427 3565 481 3645 qui
497 3563 620 3624 laborat
632 3583 759 3644 quoque
773 3576 803 3622 et
815 3563 880 3637 sui,
898 3576 927 3622 et
942 3565 1137 3643 sequentium

81 3661 262 3723 seculorum
278 3663 371 3721 vitiis.
386 3662 522 3722 Diffiteri
542 3683 635 3722 nemo
655 3674 772 3743 potest,
792 3662 846 3742 qni
869 3650 995 3743 quidem
1016 3663 1050 3720 in
1070 3660 1138 3720 ido·

79 3780 209 3820 neorum
219 3761 338 3819 lsatinae
350 3759 466 3841 linguae
480 3774 659 3834 auctorum,
672 3759 726 3840 qui
740 3758 883 3818 nondum
897 3780 915 3817 a
927 3757 1139 3818 declamatori·

80 3861 135 3918 bus
154 3874 242 3919 erant
263 3859 421 3938 corrupti,
442 3858 575 3918 lectione
595 3871 733 3917 versatus
754 3870 815 3932 est,
838 3872 868 3916 et
886 3877 992 3916 veram
1014 3855 1138 3916 dicendi

78 3958 161 4016 viam
181 3966 283 4029 tenet,
304 3953 404 4013 multa
424 3956 458 4014 in
477 3955 572 4015 Floro
591 3955 708 4036 passim
726 3973 905 4027 occurrere,
923 3974 991 4033 quae
1008 3953 1139 4011 minime

87 4054 176 4114 ierent
189 4041 280 4114 aures
294 4064 404 4112 teretes
415 4065 445 4111 et
458 4053 624 4133 religiosam
639 4066 746 4112 ettam
761 4054 792 4110 in
809 4052 983 4124 sententiis,
997 4071 1092 4131 quam
1105 4052 1138 4107 iu
