2640 4808
280 375 590 440 TESTIMONIA
614 378 907 440 ETJUDICIA.
960 422 962 427 -
1085 401 1119 440 11

61 503 163 563 edam
185 521 259 559 cunr
279 498 425 559 fluctibus
448 499 651 580 procellisque
672 502 879 576 commercio,
901 500 1125 560 debellandum

62 629 75 655 s
84 598 253 661 tradidisse
264 618 370 678 regern
382 600 481 656 ventis
494 597 656 658 videretur.
669 626 682 654 a
697 600 735 658 ln
749 613 841 681 poete
850 597 910 658 hoc
926 610 1003 658 esset
1014 597 1126 659 tolera-

60 699 146 773 bile,
161 710 195 756 et
211 697 265 756 vix
279 694 425 775 quidem:
440 707 561 755 namet
576 694 643 756 haec
661 695 834 778 hyperbole
848 695 981 756 modum
1000 696 1126 756 excedit.

61 799 144 858 Vere
164 797 252 856 enim
270 808 380 854 monet
400 793 632 872 Quinctilianus
649 796 684 854 in
703 796 802 854 instit.
822 796 929 854 Orat:
952 795 1127 871 “Quamvis

65 894 197 954 somnis
217 890 391 974 hyperbole
411 890 493 951 ultra
511 889 627 967 fidem,
646 913 712 950 non
731 904 835 952 tamen
854 912 917 952 esse
937 891 1028 951 debet
1046 891 1127 951 ultra

65 991 242 1051 amodum:
263 1009 322 1048 nec
342 987 407 1048 ulla
424 990 525 1070 magis
543 989 594 1048 via
613 989 646 1048 in
668 993 822 1070 κακοζηλίαν
842 990 940 1048 itur.»
962 991 1041 1048 Sane
1061 987 1127 1048 hare

64 1091 173 1151 omnia
186 1102 315 1148 ventosa
327 1100 441 1149 suntet
454 1088 613 1160 enormia,
626 1085 731 1167 qualia
745 1086 799 1146 illa
808 1088 917 1161 Cestii,
928 1107 999 1168 quae
1014 1089 1127 1148 Seneca

64 1187 144 1247 ridet
161 1187 287 1246 Suasor.
304 1206 338 1244 t:
361 1208 375 1239 u
384 1185 501 1244 Fremit
517 1185 674 1258 Oceanus,
692 1185 779 1264 quasi
797 1183 1026 1262 indignaretur,
1041 1183 1127 1263 quod

67 1298 186 1345 «terras
204 1282 422 1362 relinquimus.
434 1309 448 1338 a
468 1280 580 1340 Putide
596 1301 838 1362 nonnumquam
854 1281 1064 1340 eruditionem
1079 1300 1128 1339 os·

65 1393 178 1455 tentat,
198 1391 229 1440 et
247 1399 315 1439 non
331 1399 388 1438 suo
405 1378 484 1437 loco.
505 1379 600 1437 Libro
621 1379 651 1452 l,
669 1396 715 1457 17,
732 1399 830 1458 quum
850 1377 976 1438 dixisset
994 1377 1128 1436 Fabium

67 1478 242 1537 Maximum
255 1477 354 1557 captis
374 1474 587 1556 superioribus
602 1472 685 1555 jugis
702 1476 736 1533 in
753 1472 908 1554 subjectos
922 1495 979 1534 suo
991 1473 1061 1555 jure
1074 1472 1128 1533 de-

67 1577 223 1650 tenuissc,
244 1574 416 1634 subnectit:
442 1575 511 1632 “Ea
537 1574 814 1654 namquespecies
836 1573 898 1632 fuit
921 1574 1009 1633 istius
1032 1572 1126 1645 belli,

70 1700 83 1727 a
92 1674 182 1756 quasi
198 1674 233 1731 in
247 1673 418 1751 terrigenas
432 1693 449 1731 e
465 1672 542 1731 caelo
558 1693 593 1732 ac
609 1671 747 1731 nubibus
761 1671 822 1732 tela
836 1674 1043 1746 mitterentur,
1054 1698 1068 1728 a
1088 1694 1128 1730 ne

68 1770 181 1830 scilicet
210 1769 459 1851 praetermitteret
487 1769 682 1828 occasionem
712 1767 997 1848 gigantomachiam
1028 1768 1128 1828 incul-

69 1867 168 1927 candi.
185 1865 268 1925 Belle
280 1885 355 1924 sane
369 1878 399 1924 et
413 1866 612 1946 tempestive!
628 1866 716 1944 quasi
731 1866 906 1944 omnesqui
921 1886 938 1922 c
954 1863 1024 1923 loco
1041 1885 1128 1945 supe-

70 1966 148 2024 riore
172 1963 402 2045 pugnantsint
422 1964 531 2037 loves,
553 1976 583 2022 et
603 1962 706 2022 hostes
731 1963 764 2020 in
786 1961 956 2021 humiliore
978 1962 1045 2022 solo
1068 1964 1129 2021 siut

69 2063 216 2143 gigantes.
235 2061 283 2119 Sic
302 2059 358 2119 lib.
378 2061 424 2134 ll,
444 2081 510 2142 cap.
531 2082 566 2134 a,
585 2060 625 2118 dc
644 2060 816 2141 Calpurnio
835 2060 995 2132 Flamma,
1013 2062 1067 2138 qui
1088 2060 1128 2118 ah

71 2159 208 2219 hostibus
223 2160 374 2218 insessum
389 2157 501 2218 collem
515 2172 736 2240 occupaverat,
754 2156 859 2238 etjam
871 2159 927 2217 diu
940 2159 1129 2217 sustinuerat

72 2258 220 2340 impetum
233 2255 373 2316 hostiurn
383 2300 392 2326 ,
403 2255 502 2316 donec
518 2257 620 2315 omnis
631 2258 801 2316 transiisset
813 2258 979 2331 exercitus,
996 2255 1129 2315 subtexit

72 2356 276 2436 ineptissime:
293 2379 307 2408 u
319 2354 367 2412 Sic
380 2352 592 2434 pulcherrimo
607 2355 690 2413 exitu
706 2352 990 2436 Thermopylarum
1007 2365 1037 2412 et
1052 2355 1127 2412 Leo·

75 2452 176 2515 auidae
189 2451 309 2512 famam
324 2452 518 2532 adaequavit,
530 2451 590 2511 hoc
604 2452 755 2517 illustrior
767 2455 887 2526 Noster,
902 2451 987 2531 quod
1004 2451 1129 2531 expedi-

75 2579 87 2604 s
96 2553 175 2612 tioni
189 2564 284 2610 tantae
297 2549 467 2632 superfuit,
484 2549 555 2610 licet
567 2549 648 2610 nihil
661 2552 815 2633 scripserit
832 2553 995 2632 sanguine.
1006 2576 1020 2607 a
1035 2552 1128 2631 Papae

73 2663 221 2730 quantum
237 2662 282 2708 est
298 2648 429 2707 doctum
441 2670 521 2724 esse,
533 2661 564 2708 et
577 2662 613 2708 ut
627 2649 680 2707 alii
696 2649 729 2708 id
743 2652 843 2709 sciant
855 2662 1000 2709 testatum
1012 2646 1126 2707 facere!

75 2745 158 2807 llnde
170 2747 262 2813 nobis
276 2751 361 2805 enim
373 2746 520 2826 potuisset
531 2762 672 2805 constare
684 2749 708 2805 F
709 2746 815 2805 lorum
826 2745 933 2827 legisse
946 2746 1127 2805 Graecorum

74 2841 232 2918 historias,
252 2856 281 2902 ct
301 2842 369 2902 illas
391 2837 553 2923 tamquam
573 2861 693 2924 ungues
715 2862 787 2903 suos
806 2845 956 2917 tenuisse,
981 2843 1042 2901 nisi
1064 2856 1128 2900 tam

74 2942 263 3002 reconditam
273 2941 450 3000 doctrinam
465 2939 517 3000 bic
533 2941 721 3012 venditasset
734 2939 847 3001 nobis?
864 2940 923 3000 Sed
940 2939 1006 2998 haec
1024 2952 1128 2998 osten-

74 3040 146 3099 tatio
160 3038 233 3098 vide
248 3060 311 3118 quo
327 3039 465 3097 evaserit.
483 3039 554 3098 Non
572 3037 675 3098 solum
692 3040 872 3120 importune
888 3037 940 3096 hic
956 3034 1129 3095 inculcatus

76 3135 129 3195 fuit
138 3136 301 3211 Leonidas,
311 3150 342 3195 et
351 3135 443 3195 stulte
455 3157 527 3196 cum
537 3135 594 3195 illo
605 3136 767 3196 confertur
776 3136 965 3218 Calpurnius
975 3134 1129 3208 Flamma,

75 3234 121 3293 sed
133 3234 293 3315 pueriliter
305 3233 526 3310 hallucinatur,
537 3256 635 3315 quum
645 3235 790 3294 Leonidae
801 3235 926 3310 tribuit,
937 3255 1005 3315 quae
1014 3233 1127 3293 dicitur

75 3323 262 3413 Othryades,
282 3346 439 3412 tropaeum
461 3353 516 3391 suo
539 3332 690 3411 sanguine
710 3333 864 3405 scribens,
889 3331 1012 3406 fecisse,
1035 3351 1128 3411 quem

75 3450 205 3490 errorem
220 3429 289 3510 jam
307 3429 363 3490 alii
379 3443 577 3490 notaverunt.
600 3432 671 3490 Non
690 3432 795 3491 minus
812 3432 929 3490 insanit.
946 3432 1128 3511 importuna

76 3529 369 3590 commemoratione
382 3542 490 3609 portus
503 3529 686 3603 marmorei,
699 3542 729 3588 et
740 3528 837 3588 fontis
853 3528 1009 3590 Arethusae
1022 3530 1054 3586 in
1074 3527 1128 3586 ob-

76 3623 188 3697 sidione
211 3629 455 3708 Syracusarum:
481 3628 613 3705 uLonge
640 3625 687 3684 illi
710 3627 823 3707 triplex
845 3647 971 3701 murus,
996 3625 1128 3685 totidem

78 3747 91 3775 a
100 3744 195 3801 arces,
210 3739 320 3807 portus
336 3723 387 3783 ille
399 3743 610 3800 marmoreus,
624 3737 654 3782 et
666 3725 736 3784 fons
751 3724 920 3784 celebratus
934 3723 1125 3785 Arethusae.»

77 3819 154 3897 Quid
175 3824 230 3884 iste
248 3823 322 3883 fons
345 3819 483 3882 faciebat
503 3822 542 3882 ad
564 3822 692 3883 tutelam
712 3824 819 3883 urbis?
837 3825 924 3901 Quin
945 3846 1013 3885 uon
1033 3823 1128 3902 longe

77 3932 141 3979 trost
155 3923 257 3983 insani
267 3933 392 3981 montes
407 3919 448 3980 ad
461 3920 574 3980 Sardos
584 3920 806 3995 vindicandos,
821 3942 899 4002 quos
912 3923 1015 4003 inepte
1031 3922 1129 3999 inges-

83 4016 128 4091 -it,
141 4033 175 4077 ut
187 4032 267 4080 recte
284 4018 409 4078 notavit
423 4005 609 4079 Salmasius?
621 4020 801 4098 Exagitatur
812 4042 830 4077 a
845 4017 1013 4077 Plutarcho
1029 4019 1127 4093 Hege-
