2640 4808
1260 347 1269 373 Ι

136 430 138 434 ⁴
209 398 246 462 16
467 447 469 452 .
608 398 671 463 DE
695 393 858 464 FLORO

203 520 274 600 quis
289 518 342 579 ille
362 517 457 578 fuerit
474 519 721 599 inquisiverunt,
739 520 857 580 dictum
874 521 934 580 sit:
953 523 1106 583 nimirum
1125 544 1141 584 e
1163 525 1263 607 stylo,

203 617 334 676 nomine
347 616 460 696 gentis,
474 628 504 674 et
516 628 618 691 aetate,
628 613 793 697 probabile
804 616 915 693 videri,
928 618 1072 678 eumdem
1082 640 1159 695 esse,
1170 641 1265 702 quem

202 713 322 773 Florum
331 727 456 795 poetam
466 713 648 793 Spartianus
659 714 795 774 inHadr.
807 735 874 795 cap.
885 717 930 790 16,
938 717 1124 776 etAnnoeum
1132 715 1263 792 Florum,
1286 721 1288 725 ’

203 811 361 873 nonnulla
382 833 418 872 ex
437 812 520 871 illius
545 812 682 894 epistolis
702 813 740 872 ad
760 814 959 874 Hadrianum
978 816 1154 898 proferens,
1173 831 1266 877 vocat

205 907 324 968 Charis.
344 910 444 969 lnstit.
462 910 633 970 Grammat.
653 932 682 985 r,
701 933 732 992 p.
755 911 793 971 38
811 923 840 970 et
861 912 925 971 113.
941 914 1021 972 Nam
1041 926 1071 973 et
1087 912 1138 973 hic
1154 916 1266 976 Noster

204 1026 316 1088 genere
328 1005 452 1066 dicendi
464 1005 556 1088 plane
573 1008 696 1088 poetico
713 1008 820 1083 utitur,
837 1022 868 1068 et
884 1009 919 1066 in
935 1011 1060 1090 optimae
1079 1022 1161 1070 notae
1177 1009 1266 1070 libris

205 1125 302 1164 manu
313 1105 444 1164 exaratis
453 1107 589 1164 Annaeus
599 1104 782 1188 appellatur,
793 1118 833 1179 et,
843 1106 1005 1166 Hadriano
1016 1107 1198 1189 imperante,
1209 1106 1266 1165 flo-

206 1201 302 1260 ruisse
314 1199 421 1260 itidem
433 1200 565 1260 videtur.
580 1202 780 1281 Quamquam
797 1202 881 1260 enim
894 1222 947 1277 ea,
960 1221 1030 1281 quae
1042 1204 1077 1261 in
1089 1202 1151 1261 fine
1163 1222 1267 1285 prooe-

205 1297 262 1355 mii
283 1297 440 1378 leguntur,
462 1296 544 1357 hanc
565 1298 732 1380 Epitomen
753 1298 899 1358 Historiae
920 1299 1067 1358 Romanae
1088 1300 1127 1358 ab
1149 1320 1187 1358 eo
1208 1299 1266 1361 suh

206 1392 340 1476 Trojano
360 1398 481 1479 potius,
501 1416 596 1477 quam
618 1395 798 1471 Hadriano,
818 1398 964 1478 scriptam
985 1397 1143 1472 indicant,
1160 1411 1267 1459 tamen

206 1491 297 1553 facile
310 1494 393 1553 credi
406 1506 523 1574 potest,
536 1513 608 1551 eum
621 1491 660 1550 ad
672 1492 886 1568 Hadrianum,
902 1491 1028 1573 Trajani
1042 1515 1266 1571 successorem,

206 1590 498 1671 vitamproduxisse
501 1632 1267 1654 .......................................

248 1689 326 1747 Sunt
345 1689 398 1768 qui
419 1688 547 1746 virtutes
566 1687 717 1768 quasdam
736 1687 806 1768 styli
824 1687 968 1773 Floriani
978 1687 1125 1764 laudant,
1138 1710 1212 1749 eum
1227 1689 1268 1750 ad

208 1785 468 1846 declamatorium
490 1785 644 1844 scribendi
666 1807 762 1866 genus
784 1786 937 1861 referant,
960 1799 991 1845 et
1010 1786 1120 1867 putida
1141 1786 1268 1848 affecta·

208 1884 310 1960 tione,
327 1898 450 1946 tumore
465 1889 606 1968 poetico,
623 1885 834 1945 audacissimis
851 1885 1123 1961 translationibus,
1139 1885 1269 1968 aliisque

207 1982 291 2041 vitiis
304 1982 447 2042 laborare
459 1982 634 2042 ostendant.
646 2026 653 2040 .
665 2025 672 2039 .
685 2026 692 2040 .
707 1982 819 2041 Florus
832 2001 959 2062 quoque
974 1981 1007 2040 in
1022 2002 1059 2041 eo
1077 1983 1163 2063 ipso,
1180 1982 1269 2062 quod

208 2080 298 2160 quasi
317 2100 352 2138 ex
372 2092 511 2153 oratore,
529 2078 698 2152 historico,
718 2091 748 2138 et
762 2092 855 2160 poeta
872 2080 986 2138 mixtus
1000 2079 1054 2154 sit,
1073 2080 1223 2155 maxime,
1239 2093 1270 2140 et

209 2178 320 2237 merito
345 2177 488 2258 quidem,
510 2177 549 2236 ab
573 2176 642 2235 aliis
663 2175 899 2257 reprehenditur
901 2219 986 2236 .....
1013 2178 1119 2257 Neque
1140 2190 1269 2252 tamen,

208 2293 308 2354 quum
320 2271 385 2332 haec
398 2271 435 2332 de
448 2273 542 2332 lloro
555 2273 656 2332 scribo
666 2294 878 2355 ,quemquam
890 2286 1000 2356 putare
1012 2273 1120 2349 velim,
1133 2296 1183 2334 me
1195 2295 1270 2335 euru

121 2405 123 2408 <
208 2368 303 2478 plane
321 2368 850 2452 contemnendum,abjiciendum,
872 2384 902 2430 et
920 2392 936 2430 e
955 2371 1100 2430 manibus
1123 2343 1270 2432 studiosae

116 2523 118 2529 ,
206 2465 375 2548 juventutis
385 2469 602 2529 excutiendum
612 2471 795 2530 existimare.
806 2470 1007 2549 Numquam'
999 2491 1034 2528 m
1045 2467 1104 2529 hac
1116 2472 1270 2532 sententia

209 2563 266 2625 fui.
285 2564 360 2630 Non
372 2587 486 2646 sequor
500 2568 603 2647 Begcri
622 2580 651 2626 et
665 2568 887 2649 plerorumque
906 2566 1041 2649 aliorum
1057 2588 1194 2653 morem,
1213 2571 1270 2648 qui

111 2729 117 2735 ,
210 2685 309 2744 quum
332 2665 513 2746 scriptorem
535 2665 672 2745 aliquem
697 2667 731 2724 in
753 2665 917 2748 publicum
938 2667 1101 2742 emittunt,
1126 2678 1161 2725 ut
1184 2680 1270 2726 recto

206 2760 326 2844 judicio
349 2761 498 2843 dignum,
521 2764 554 2821 in
578 2784 641 2843 quo
664 2764 896 2847 interpretando
918 2765 1035 2843 ingenii
1057 2764 1271 2844 doctrinaeque

209 2861 365 2943 specimen
378 2861 519 2936 ederent,
534 2860 659 2942 elegisse
671 2862 846 2937 videantur,
861 2862 969 2922 omnia
981 2863 1014 2920 in
1030 2860 1085 2920 illo
1100 2863 1270 2938 mirantur,
1314 2863 1316 2867 ⁴

210 2971 241 3017 et
254 2959 406 3018 sermonis
426 2955 628 3040 elegantiam,
646 2962 764 3041 ingenii
778 2981 926 3034 acumen,
943 2972 973 3019 et
986 2957 1097 3040 judieii
1111 2959 1271 3020 rectitudi-

209 3077 282 3116 nem
301 3055 446 3116 laudibus
465 3059 499 3116 in
516 3057 626 3118 caelum
640 3058 766 3118 tollunt.
781 3058 838 3117 Sed
856 3078 955 3138 quum
967 3054 1086 3135 judicia
1102 3056 1272 3118 doctorum

212 3154 250 3213 de
262 3140 347 3214 Flori
360 3156 517 3215 erroribus
530 3170 560 3215 et
571 3156 653 3213 vitiis
666 3156 737 3236 styli
749 3156 868 3238 probo,
880 3168 984 3214 tamen
1000 3176 1067 3214 non
1079 3175 1116 3214 eo
1130 3153 1270 3231 inficias,

210 3251 311 3311 multa
326 3273 387 3313 esse
402 3255 435 3312 in
449 3253 522 3329 illo,
535 3253 621 3334 quod
636 3266 666 3311 et
681 3253 776 3312 iidem
792 3267 871 3314 recte
883 3253 1186 3327 animadverterunt,
1201 3252 1272 3314 lau·

171 3365 174 3372 '
207 3350 346 3424 dabilis,
370 3350 531 3430 multaque
553 3350 719 3432 eleganter,
746 3365 850 3427 acute,
878 3364 908 3410 ct
931 3373 1004 3411 cum·
1025 3349 1144 3432 judicio
1168 3350 1271 3411 dicta:

210 3443 367 3533 praecipue
381 3450 440 3509 'ubi
460 3470 581 3509 caussas
601 3449 789 3510 seditionum
808 3463 839 3510 et
859 3449 1070 3510 conversionis
1090 3449 1273 3531 reipublicae
1307 3528 1309 3530 v

211 3549 361 3607 Romanae
376 3549 517 3629 exponit,
528 3569 598 3629 quae
609 3547 686 3606 milri
700 3568 820 3630 semper
829 3545 1046 3628 pulcherrimae
1058 3547 1155 3606 totius
1166 3550 1273 3628 operis

211 3657 314 3726 partes
322 3645 393 3703 visae
401 3644 542 3704 fuerunt:
553 3644 593 3704 ob
604 3653 736 3726 eamque
747 3664 902 3719 caussam,
916 3643 1023 3718 simul,
1033 3645 1109 3724 quia
1119 3642 1226 3704 nullus
1238 3645 1274 3706 in

211 3739 272 3800 hoc
291 3762 405 3823 genere
423 3740 535 3801 melior
553 3753 598 3801 est
615 3755 701 3800 vetus
722 3741 864 3822 scriptor,
883 3741 938 3821 qui
957 3742 1000 3800 ita
1019 3740 1107 3822 quasi
1127 3740 1160 3799 in
1181 3740 1273 3801 brevi

211 3837 349 3920 quadam
359 3838 474 3900 tabella
485 3852 586 3899 totam
597 3837 708 3921 populi
719 3839 854 3897 Romani
866 3839 1036 3919 imaginem
1047 3837 1207 3919 amplexus
1217 3842 1273 3916 sit,

210 3937 387 4018 gradusque
399 3956 507 3997 omnes
524 3958 559 3997 ac
572 3956 731 4019 processus
746 3935 925 4016 reipublicae
938 3938 978 3995 ob
992 3935 1099 3996 oculos
1113 3938 1272 4016 posuerit,

214 4036 344 4096 omnino
363 4056 476 4117 sequor
495 4036 677 4095 sententiam
698 4033 858 4092 clarissimi
881 4034 1014 4108 Graevii,
1034 4033 1168 4112 dignum
1189 4055 1271 4111 esse,
1292 4028 1310 4045 ”
