2640 4808
119 402 1171 443 «mmmmmwmwwumkumvmm

144 643 321 759 nou
351 632 699 751 neironis
727 563 1148 749 Pennino.
1217 800 1222 809 Δ

501 929 792 963 aum-w·-

128 1119 196 1229 DE
213 1144 321 1223 Flori
334 1163 452 1223 aetate
469 1161 509 1221 et
524 1143 671 1249 patria,
688 1138 782 1244 quis
798 1090 1023 1242 ipse'fuerit
1038 1137 1178 1244 Epito-
1301 1128 1306 1139 ’

128 1299 202 1347 mes
212 1289 366 1366 auctor,
382 1297 465 1375 quo
476 1269 640 1346 nomine
650 1261 1180 1368 nuncupandus,Disquisi·
1298 1362 1312 1381 ι

128 1398 272 1479 tionem
288 1396 355 1472 hic
367 1394 558 1472 inchoare
569 1415 864 1496 supervacuum
878 1390 1036 1484 censui,
1047 1416 1176 1492 quum

127 1517 238 1623 plena
262 1537 304 1596 et
322 1515 501 1624 locuples
517 1515 570 1593 de
588 1515 650 1591 his
671 1511 862 1590 omnibus
884 1514 1045 1608 notitia,
1070 1513 1179 1589 infra

128 1643 165 1718 in
193 1646 437 1720 Testimoniis
465 1658 506 1718 et
531 1637 709 1732 Iudiciis,
741 1655 947 1715 occurrat:
978 1635 1037 1714 ibi
1068 1640 1177 1715 enim

127 1765 233 1845 velut
254 1771 300 1843 in
322 1764 561 1844 fasciculum
583 1763 766 1842 collectas
784 1781 826 1840 et
844 1762 987 1841 ordine
1008 1763 1179 1868 digestas

128 1892 443 1970 doctissimorum
452 1894 633 1970 virorum
644 1891 872 1995 opiniones,
885 1889 1030 1965 Lector
1041 1889 1180 1966 erudi·
1222 1943 1226 1951 -
1267 1958 1269 1963 .

128 2020 289 2115 tissime,
300 2037 445 2123 praesto
454 2016 635 2094 habebis.
651 2013 1181 2118 Nonlongoigiturexordio

128 2160 163 2218 te
182 2141 383 2238 morabor,
400 2140 555 2219 donec
544 2142 770 2217 institutam
789 2141 833 2214 in
848 2139 925 2216 hoc
946 2166 1067 2244 opere
1084 2167 1181 2215 con-

129 2264 504 2345 ficrendorationem
513 2284 760 2368 etmaequasr
748 2263 974 2368 quoddam
983 2264 1180 2367 ιιιάιοιιιιιι

130 2391 416 2509 proposuerim.
934 2399 942 2416 '

177 2515 237 2591 Ex
254 2513 445 2591 omnibns
465 2514 619 2589 Latinis
641 2498 933 2631 scriptoribus,
943 2466 1086 2612 nullus
1098 2459 1184 2591 lere

130 2639 368 2738 graviorem,
381 2665 504 2741 quam
516 2636 696 2733 Noster,
681 2636 1186 2760 jacturamperpessusest,

132 2785 197 2836 seu
215 2778 444 2865 temporum
460 2761 628 2866 injuria,
650 2788 721 2839 seu
741 2761 949 2870 imperalia
949 2777 1184 2846 estuantia
1233 2757 1235 2760 ’

133 2910 207 2985 que
232 2882 513 2980 librariorum,
537 2887 620 2964 sive
641 2889 753 2990 qnia·
744 2880 862 2990 ipse,
868 2853 1075 2963 nonnihil
1098 2919 1184 2964 am-

105 3110 108 3111 *
133 3004 332 3109 pullarum
357 3005 568 3111 aliquoties
587 3026 778 3103 sectatus,
803 3036 941 3085 ansam
964 3010 1186 3116 praebuerit

135 3126 288 3207 facilem
314 3128 617 3209 lascivientibus
639 3129 974 3237 interpolatorum
997 3137 1184 3240 ingeniis.

109 3334 114 3343 ,
135 3253 270 3358 ltaque
291 3284 420 3360 quum
442 3257 618 3361 primum
638 3256 799 3334 adeum
819 3285 861 3333 se
880 3264 1078 3337 convertit
1094 3290 1188 3338 eru-

136 3377 307 3458 ditorum
320 3410 436 3476 cura,
453 3383 678 3458 innumerae
691 3384 825 3458 statim
842 3383 1086 3462 obstiterunt
1099 3387 1188 3464 dif-

137 3498 346 3600 ficultates,
371 3533 456 3581 non
478 3506 565 3583 sine
584 3503 720 3582 multis
742 3504 957 3584 sudoribus
976 3528 1015 3585 et
1036 3533 1190 3588 contu-

138 3630 233 3703 maci
262 3625 471 3731 diligentia
495 3625 781 3733 explanandae:
811 3632 961 3736 quippe
989 3632 1186 3710 medelam

137 3771 369 3854 praesentem
389 3780 527 3828 omnes
545 3756 679 3829 statim
696 3773 828 3860 partes
845 3758 1125 3862 reposcebant,
1149 3780 1189 3836 ct

138 3892 259 3971 textus
277 3879 620 3982 corruptissimus,
639 3875 851 3990 alienaque
868 3907 971 3987 saepe
988 3881 1188 3958 adultera-

139 4017 197 4077 tus
213 4034 356 4100 manu,
375 4021 415 4080 et
429 4003 735 4110 chronologicus
751 4006 850 4086 ordo
865 4036 988 4110 quem
1005 4011 1190 4089 inverte-
